1758 2903
853 92 1063 126 -56-

286 191 443 238 pugna
465 179 560 238 jam
591 175 729 223 fuerit
756 177 1005 223 commissa
1030 191 1082 222 ac
1101 184 1234 239 poeta
1261 192 1403 240 supra
1429 175 1631 223 dixerit:¹

366 321 483 361 Stant
505 320 603 361 belli
629 335 772 362 causae
793 335 800 361 :
829 320 997 374 sanguis
1023 334 1151 361 novus
1174 320 1324 362 imbuit
1345 323 1495 362 arma¹.

285 459 345 504 At
387 458 553 521 viginti
596 459 777 521 equites
820 460 1029 504 Turnum
1075 459 1383 516 comitantur;
1414 465 1636 520 quattuor

288 542 469 580 tantum
500 534 687 581 feciales
714 550 740 580 a
758 535 982 581 Romanis
1007 533 1064 579 ad
1089 550 1159 579 res
1188 532 1459 595 repetendas
1480 533 1634 579 mitte-

287 609 475 658 bantur.
510 613 594 657 Hic
625 610 874 657 Lerschius
908 610 1063 657 locum
1095 609 1347 673 quemdam
1377 625 1404 656 a
1432 610 1636 655 Varrone

287 686 411 750 apud
433 688 637 733 Nonium
663 689 785 733 eruit
805 687 929 733 unde
949 695 1131 733 constat
1156 686 1339 733 feciales
1360 686 1529 749 viginti
1557 685 1640 731 ali-

288 763 479 826 quando
508 765 782 811 constitutos
818 765 962 811 fuisse
988 783 998 809 :
1035 783 1056 808 «
1080 764 1125 810 Si
1152 767 1284 825 cujus
1315 763 1454 827 legati
1478 762 1637 809 violati

286 847 454 900 essent,
484 842 564 903 qui
590 841 636 887 id
658 841 896 899 fecissent,
921 841 1134 904 quamvis
1166 840 1345 887 nobiles
1373 846 1547 897 essent,
1567 838 1638 885 uti

289 917 570 965 dederentur
617 920 801 965 civitati
842 927 1102 965 statuerunt
1153 918 1429 980 fecialesque
1469 916 1639 979 viginti

289 996 369 1057 qui
396 995 451 1042 de
478 996 550 1041 his
578 996 717 1042 rebus
742 1004 1088 1058 cognoscerent.
1111 994 1377 1057 Judicarent
1399 1002 1443 1039 et
1465 1001 1638 1039 statue—

289 1079 409 1130 rent,
448 1065 788 1119 constituerunt
822 1089 866 1117 >).
905 1072 990 1117 Hic
1022 1070 1099 1117 ille
1128 1080 1195 1116 est
1232 1085 1460 1116 numerus
1484 1069 1640 1132 Virgi-

289 1147 485 1195 lianus·:
515 1147 717 1211 quidni?
746 1151 932 1195 Turnus
967 1162 1173 1211 pugnam
1210 1145 1418 1202 orditur;
1455 1146 1641 1193 feciales

290 1224 361 1270 illi
390 1225 579 1288 viginti,
613 1225 669 1272 de
696 1225 868 1287 quibus
897 1227 1058 1282 Varro.
1099 1224 1154 1270 de
1187 1224 1356 1270 violato
1383 1223 1641 1287 legatorum

284 1305 392 1363 J‘ue
437 1300 798 1364 cognoscebant!
851 1302 937 1347 Res
984 1302 1158 1347 mirum
1201 1301 1248 1346 in
1290 1298 1483 1346 modum
1526 1314 1673 1363 qua-·

292 1377 456 1424 drant!

358 1457 444 1504 Sed
494 1458 539 1503 in
576 1457 663 1504 hoc
703 1473 874 1520 magna
908 1457 955 1502 in
995 1465 1123 1519 parte
1152 1472 1259 1502 cum
1293 1456 1450 1502 Servio
1481 1454 1646 1502 delirat

298 1534 557 1581 Lerschius.
586 1533 708 1590 Quid
730 1533 859 1597 quod
889 1533 1117 1597 legionem
1142 1536 1397 1580 Romanam
1430 1548 1522 1578 non
1553 1531 1643 1579 du-

296 1611 414 1657 bitat
451 1627 716 1657 asseverare
747 1626 841 1656 non
869 1611 1061 1656 nomine
1097 1609 1267 1665 solum,
1297 1608 1378 1655 sed
1417 1609 1569 1671 reipsa
1601 1616 1646 1655 et

296 1704 491 1734 nurnero
530 1688 576 1733 in
611 1686 864 1734 Aeneidem
898 1687 1044 1733 fuisse
1066 1686 1344 1733 inductam?
1368 1687 1457 1742 Qui
1486 1686 1548 1732 ita
1569 1701 1644 1732 ra·-

294 1766 567 1812 tioeinatur:
1561 1763 1566 1770 '

363 1841 458 1888 Sub
498 1842 693 1888 Massico
731 1841 858 1888 mille
896 1841 1120 1904 juvenes3
1158 1839 1283 1886 Abas
1332 1840 1644 1902 noningentos

297 1920 427 1966 ducit
451 1934 650 1981 quorum
675 1919 875 1964 sexcenti
898 1934 923 1964 a
943 1916 1199 1981 Populonia
1221 1915 1424 1974 oriundi,
1451 1918 1645 1963 trecenti

298 1996 355 2041 ab
387 1995 508 2054 llva;
535 1994 713 2040 Asilam
738 2003 998 2056 sequuntur
1022 1993 1149 2039 mille
1180 2011 1189 2038 :
1223 1994 1261 2038 si
1287 2002 1540 2038 tercentum
1561 1992 1644 2038 ad-

298 2073 379 2118 das
425 2088 543 2135 quos
589 2072 819 2117 miserunt
856 2072 1008 2128 Caere,
1056 2070 1208 2132 Pyrgi,
1255 2070 1513 2126 Graviscae,
1557 2070 1646 2116 tria

300 2148 446 2195 millia
473 2148 696 2195 ducentos
727 2147 938 2210 perficies
969 2163 978 2192 z
1012 2146 1182 2193 desunt
1205 2155 1357 2192 autem
1385 2155 1571 2193 centum
1596 2154 1647 2193 ut

301 2241 523 2272 numerus
550 2225 745 2288 legionis
772 2225 992 2287 antiquae
1015 2223 1195 2269 evadat.
1220 2223 1292 2268 Nil
1316 2232 1471 2269 autem
1494 2223 1648 2269 obstat

301 2303 412 2365 quin
448 2303 641 2365 Cinyrae
671 2309 715 2347 et
741 2304 898 2361 paucis
927 2300 1146 2346 comitato
1185 2301 1423 2362 Cupavoni
1457 2307 1645 2346 centum

301 2378 628 2427 attribuamus.
669 2379 902 2425 Habemus
941 2392 1048 2440 ergo
1079 2381 1257 2439 justam
1302 2377 1551 2439 legionem3
1588 2392 1646 2423 ne

302 2457 427 2504 deest
457 2455 645 2519 quidem
679 2457 935 2517 equitatus,
972 2470 1116 2516 quum
1154 2462 1407 2501 tercentum
1437 2453 1544 2500 illos
1570 2469 1649 2500 no-

366 2652 393 2683 l.
428 2648 519 2685 Aen.
551 2645 637 2694 Vll,
660 2649 748 2682 5513.
