1758 2903
890 185 1100 220 ...n-

321 286 498 319 morem
531 285 639 317 vero
671 269 848 317 Aetolis
880 268 1024 316 fuisse
1057 285 1150 316 uno
1191 267 1515 316 tantummodo
1548 267 1671 333 pede

320 347 524 395 calceato
545 347 593 393 in
618 346 795 393 bellum
821 347 889 393 ire
918 346 1124 393 ostendit
1150 345 1438 393 clarissimus
1466 347 1668 409 scriptor

321 422 570 486 Euripides
583 423 809 486 tragicuS,
830 423 879 469 in
901 428 1038 484 cujus
1059 421 1298 483 tragoedia
1313 437 1432 485 quae
1445 424 1673 482 Meleaqer·

322 499 620 558 inscribitur,
647 499 841 545 nuntius
862 497 1104 544 inducitur
1129 496 1397 544 describens
1419 514 1514 560 quo
1536 497 1668 560 quis·
1701 541 1705 546 .

321 592 412 639 que
436 575 598 622 habitu
622 575 766 622 fuerit
785 591 838 622 ex
865 574 1064 621 ducibus
1087 574 1168 636 qui
1196 573 1254 620 ad
1284 588 1449 637 aprum
1480 574 1668 637 capien-

320 651 436 700 dum
456 659 769 699 convenerant
795 672 840 697 ».
866 649 1138 698 Aetolorum
1159 665 1268 696 vero
1292 657 1449 696 utrum
1473 649 1532 696 ad
1554 665 1668 697 con-

323 728 624 776 suetudinem
672 735 872 774 veterem
925 734 1065 790 atque
1129 725 1460 785 oblitteratam,
1501 741 1560 772 an
1609 724 1668 772 acl

322 812 617 870 praesentem
654 813 698 851 et
739 803 894 850 adhuc
925 804 1163 867 vigentem
1195 802 1440 867 Euripides
1473 801 1670 851 allusit?

322 881 530 941 Aetolos,
572 888 627 928 ut
662 879 869 938 videtur,
915 879 1132 941 aequales
1169 886 1303 943 poeta
1335 879 1670 943 antiquitatum

321 959 434 1006 satis
465 959 734 1004 incuriosus
774 956 822 1002 in
860 956 1019 1003 animo
1051 956 1234 1003 habuit.
1270 956 1330 1003 At
1354 956 1596 1018 Meleager,
1629 954 1671 1000 si

320 1036 684 1097 vixitunquam‚
699 1042 807 1079 ante
824 1034 1075 1079 Homerum
1092 1043 1214 1079 certe
1233 1032 1369 1090 vixit,
1387 1047 1532 1096 quum
1545 1029 1673 1094 apud

321 1113 576 1158 Homerum
611 1117 931 1165 memoretur3
972 1109 1246 1155 miscentem
1285 1109 1428 1170 igitur
1462 1116 1673 1171 tempora

323 1194 506 1250 poetam
532 1193 719 1232 secutus
744 1194 880 1248 poeta
895 1186 1133 1231 Romanus
1161 1200 1259 1231 non
1288 1182 1440 1231 solum
1464 1191 1674 1247 tempora

324 1262 403 1310 sed
425 1258 471 1310 et
486 1260 683 1325 populos
708 1261 875 1308 miscet
898 1263 926 1307 ¹.

390 1341 622 1387 Incertum
643 1345 713 1385 est
729 1353 788 1384 an
809 1337 995 1384 heroico
1009 1352 1120 1384 aevo
1135 1352 1265 1383 arma
1281 1336 1461 1384 foribus
1477 1335 1678 1400 templo-

324 1431 430 1462 rum
446 1416 632 1478 affigere
647 1414 867 1473 solerent,
884 1415 1100 1476 quamvis
1120 1413 1238 1460 nihil
1257 1413 1440 1461 obstare
1459 1412 1674 1460 videatur

324 1487 1671 1554 quinhancconsuetudinemprovetustissimahabeamus;

325 1576 374 1615 at
396 1566 454 1615 de
476 1571 576 1631 ejus
602 1567 782 1631 origine
805 1566 1090 1631 exploranda
1113 1567 1237 1614 alius
1257 1564 1458 1613 viderit:
1482 1564 1682 1629 Euripi--

385 1795 421 1831 1.
450 1790 543 1832 Non
574 1795 710 1830 tamen
742 1789 966 1830 omittenda
988 1796 1084 1831 sunt
1110 1804 1213 1844 quae
1240 1790 1477 1831 Macrobius
1499 1789 1684 1832 laudatis

327 1863 451 1904 supra
474 1848 610 1889 verbis
639 1847 784 1889 addit:
820 1849 892 1888 in
912 1863 992 1903 qua
1011 1849 1177 1904 quidem
1210 1863 1252 1890 re
1281 1849 1421 1890 mirari
1449 1856 1510 1890 est
1533 1857 1676 1905 poetae

326 1907 451 1962 hujus
477 1907 794 1948 occultissimam
817 1906 1097 1960 diligentiam,
1124 1908 1197 1963 qui
1222 1922 1350 1963 quum
1373 1908 1544 1963 legisset
1569 1909 1683 1950 Her-
1752 1935 1758 1974 ,Σ

325 1966 455 2013 nicos,
477 1980 651 2020 quorum
670 1972 732 2006 est
749 1966 953 2019 Anagnia
971 1981 994 2006 a
1015 1965 1201 2021 Pelasgis
1223 1966 1415 2008 oriundos
1435 1965 1678 2022 appellatos-

328 2039 408 2080 que
429 2025 486 2065 ita
502 2039 525 2065 a
543 2025 716 2078 Pelasgo
740 2025 915 2078 quodam
943 2025 1043 2065 duce
1067 2039 1141 2065 suo
1160 2025 1232 2079 qui
1259 2025 1461 2066 Hernicus
1486 2025 1677 2066 nomina-

327 2083 463 2134 batur,
488 2097 641 2123 morem
659 2097 780 2137 quem
801 2083 850 2123 de
871 2082 1032 2124 Aetolia
1053 2082 1206 2137 legerat
1226 2083 1415 2124 Hernicis
1433 2084 1676 2138 assignavit,

328 2141 401 2195 qui
425 2147 522 2181 sunt
541 2147 656 2181 vetus
680 2141 838 2181 colonia
859 2141 1123 2194 Pelasgorum
1138 2159 1175 2181 ³³.
1195 2142 1305 2192 Quae
1326 2156 1391 2182 res
1411 2141 1447 2182 si
1463 2142 1521 2183 ita
1539 2156 1582 2183 se
1600 2142 1678 2183 ha·
1750 2160 1755 2192 ,¹

328 2200 457 2253 beret,
494 2199 699 2240 videretur
726 2199 926 2253 Virgilius
955 2199 1172 2255 quamdam
1202 2200 1436 2241 historicam
1465 2202 1676 2242 veritatem

330 2265 494 2298 secutus
515 2271 625 2309 esse3
650 2257 722 2298 sed
739 2257 788 2298 de
810 2258 875 2298 his
895 2258 1088 2298 omnibus
1109 2259 1279 2300 fortasse
1302 2259 1430 2299 nimia
1449 2258 1676 2300 subtilitate

329 2316 514 2371 disputat
534 2315 785 2357 Macrobius.
808 2316 1115 2358 Concedendum
1139 2324 1200 2358 est
1221 2317 1439 2372 aliquando
1458 2324 1618 2373 poetam
1638 2324 1679 2360 et

329 2375 515 2416 varietati
552 2375 833 2416 tantummodo
865 2375 1133 2417 consuluisse.
1154 2399 1207 2407 -—
1228 2377 1416 2418 Ceterum
1446 2376 1544 2418 haec
1578 2391 1680 2418 con-

258 2489 262 2494 .
332 2435 504 2475 suetudo
537 2434 644 2475 inter
675 2438 904 2476 communia
945 2442 1079 2490 potest
1111 2435 1265 2477 referri.
1307 2436 1396 2487 Qua
1437 2443 1543 2477 certe
1579 2449 1677 2477 usos

331 2493 456 2534 fuisse
471 2494 728 2534 Plataeenses
746 2493 904 2546 (Thuc.‚
918 2499 955 2546 2,
971 2495 1053 2547 22),
1067 2495 1270 2535 Samnites
1287 2496 1410 2546 (LIX,
1421 2497 1487 2548 40)
1502 2500 1674 2536 constat.

331 2553 550 2593 Lerschius
574 2552 710 2593 laudat
742 2552 975 2606 Vegetium,
997 2554 1029 2604 Ι,
1059 2558 1125 2606 20,
1152 2553 1200 2593 cle
1229 2553 1436 2608 peditibus
1467 2553 1538 2608 qui
1568 2552 1683 2608 apud.
1747 2571 1749 2573 ¹

331 2612 521 2666 antiquos
545 2611 692 2652 ferreas
716 2625 850 2652 ocreas
884 2611 927 2651 in
957 2612 1107 2652 dextris
1131 2612 1316 2653 cruribus
1341 2612 1589 2666 cogebantur
1609 2625 1678 2653 ac-

335 2670 483 2723 cipere.
523 2671 639 2720 Quod
672 2685 764 2711 vero
799 2684 906 2711 nunc
940 2685 1012 2725 pes
1037 2671 1183 2723 dexter,
1218 2685 1325 2713 nunc
1353 2671 1518 2712 sinister
1541 2670 1688 2712 nudus,

335 2728 463 2770 l'uissc
485 2727 648 2782 dicitur,
674 2743 753 2770 non
777 2729 936 2770 videtur
957 2743 1199 2784 magnopere
1218 2730 1440 2772 curandum
1459 2744 1561 2772 esse.
