1758 2903
588 172 824 208 -101—

33 247 272 305 eonsultos
294 257 445 305 locum
475 256 697 305 vindieat.
719 260 820 305 Jam
844 256 1067 319 primum,
1093 256 1304 318 quamvis
1328 256 1376 302 in

33 343 235 382 extrema
264 336 380 380 sexti
418 333 527 380 libri
563 341 694 397 parte
727 334 952 397 Virgilius
985 333 1166 380 animos
1202 334 1277 380 vix
1303 335 1377 380 sui

32 412 243 458 conscios
269 412 430 474 apium
457 426 586 456 more
621 417 876 473 strepentes
903 409 1132 466 ostendat,
1169 409 1282 456 alias
1320 410 1376 456 ad

31 486 387 533 similitudinem
418 503 576 534 earum
614 487 908 543 umbrarum,
951 502 1069 548 quae
1097 486 1154 532 ab
1181 488 1383 533 Homero,

31 560 181 610 εἴδωλα
218 571 461 620 vocantur,
491 564 681 609 omnino
716 579 794 609 eos
834 562 990 626 fingit3
1021 563 1190 609 etenim
1221 570 1267 609 et
1297 578 1380 608 vo*

31 655 130 686 cem
154 639 328 687 habent
353 640 431 702 qui
459 641 637 685 silentes
655 638 896 696 dicuntur,
922 647 966 684 et
989 638 1281 685 confabulari
1303 639 1373 685 in-

27 718 96 762 ter
117 732 162 762 se
200 725 244 762 et
272 731 377 762 eum
416 715 534 761 vivis
574 722 785 778 possunt,
829 723 872 760 et
916 714 1132 762 eumdem
1178 731 1366 773 sonum,

27 808 170 855 quem
195 791 315 855 apud
347 793 615 847 Homerum,
652 792 835 837 territae
873 791 1114 849 emittunt3
1155 800 1198 837 et
1242 792 1374 854 tangi

28 867 358 930 comprendive
395 874 652 929 nequeunt,
706 876 750 912 et
791 883 906 928 quae
962 866 1156 914 vulnera
1186 868 1235 913 in
1275 869 1373 914 vita

26 950 323 1007 acceperunt,
351 942 512 989 eadem
540 934 708 1005 gerunt
730 951 871 1006 atque
896 943 1042 990 oeu³is
1061 942 1296 1001 exhibent,
1326 952 1372 989 et

27 1020 202 1083 quibus
224 1019 392 1066 suidiis
417 1018 530 1065 olim
557 1019 769 1066 delectati
792 1020 997 1077 fuerunt,
1027 1018 1194 1065 iisdem
1212 1019 1367 1066 indul-

25 1106 158 1160 gent3
189 1113 241 1143 ea
261 1105 416 1143 autem
458 1096 614 1142 studia
641 1112 783 1158 quam
809 1112 974 1158 parum
1009 1097 1100 1142 sint
1128 1096 1368 1143 doctrinae

25 1173 310 1236 sapientium
341 1180 668 1230 consentanea,
716 1187 856 1234 quarn
894 1172 1053 1219 saltem
1086 1188 1113 1219 a
1147 1174 1367 1220 Romanis

24 1249 238 1296 moribus
278 1248 531 1311 aliquando
578 1247 907 1312 discrepantia,
955 1264 1123 1311 operae
1164 1250 1368 1312 pretium

23 1335 91 1372 est
118 1325 435 1385 considerare3
481 1340 633 1387 neque
668 1327 793 1371 enim
834 1325 986 1372 soium
1013 1325 1201 1373 umbrae
1228 1328 1367 1372 armis

23 1401 246 1466 gaudent,
294 1410 496 1464 poscunt
528 1417 692 1463 equos,
744 1401 998 1460 luctantur,
1034 1402 1135 1465 lyra
1170 1411 1362 1462 canunt,

23 1495 183 1525 verum
229 1478 365 1524 etiam
408 1498 430 1520 «
473 1476 669 1539 pedibus
696 1476 924 1540 plaudunt
958 1478 1152 1526 choreas
1185 1496 1207 1523 ))
1248 1495 1367 1542 quae

23 1555 225 1611 saltatio,
254 1570 402 1616 quum
420 1555 614 1601 Romani
632 1564 868 1601 censere-nt
888 1574 909 1596 «
935 1556 1173 1602 neminem
1198 1556 1366 1603 saltare

24 1631 236 1678 sobrium
272 1631 363 1677 nisi
393 1631 506 1677 forte
543 1631 766 1677 insaniat¹
797 1650 841 1688 n,
883 1630 941 1677 ad
972 1631 1180 1679 heroicos
1207 1649 1364 1679 m01es

24 1716 142 1755 certe
167 1706 402 1755 referenda
425 1715 516 1754 est.

84 1786 178 1831 Neo
210 1787 429 1831 Tartarus
471 1783 549 1829 ille
580 1782 868 1846 Virgilianus
893 1800 1088 1845 prorsus
1119 1785 1364 1832 Homexico

24 1859 293 1919 jissimilis3
318 1860 365 1906 in
388 1875 481 1922 quo
517 1858 828 1906 describendo
856 1860 1108 1923 aliquando
1133 1864 1363 1910 Graecum

23 1944 208 2000 poetam
233 1939 473 1984 Romanus
501 1937 616 1982 satis
640 1935 781 1983 habet
804 1947 980 1984 vertere
1012 1952 1022 1982 :

98 2069 238 2109 Τόσσον
254 2069 362 2122 ἔνερθ’
390 2068 526 2116 Ἀΐδεω,
549 2069 630 2109 ὅσον
649 2069 793 2122 οὐρανός
810 2069 881 2107 ἐστ’
902 2070 971 2108 ἀπὸ
991 2071 1093 2121 γαίης
1103 2072 1130 2110 ².

16 2184 244 2233 Homerus
273 2183 338 2230 ait
365 2200 375 2230 :

95 2305 167 2347 Bis
187 2311 298 2362 patet
322 2306 362 2346 in
387 2319 579 2361 praeceps
605 2312 764 2347 tantum
787 2307 997 2362 tenditque
1021 2308 1098 2349 suh
1120 2324 1254 2363 auras,

18 2437 112 2468 uno
151 2419 295 2467 verbo
335 2429 519 2467 tantum
561 2428 769 2481 mutato,
809 2420 1166 2485 interpretatur³
1208 2423 1364 2486 Virgi-

76 2601 110 2637 1.
141 2594 293 2646 Cicero,
314 2608 392 2647 pro
411 2597 594 2645 Murena,
615 2596 685 2644 VI.

69 2659 109 2702 2.
143 2655 186 2695 lt.
218 2654 331 2704 VIII,
357 2659 416 2694 16.

0 2720 8 2735 “-
69 2718 106 2754 3.
137 2717 230 2754 Aen.
256 2713 328 2766 VI,
353 2718 446 2760 577,
