1758 2903
663 185 716 193 —
747 166 818 203 109
847 185 900 191 -

175 236 263 284 Sed
304 235 533 294 Evander,
560 234 699 281 homo
735 236 960 291 Graecus,
1002 249 1025 280 e
1061 233 1247 297 regione
1285 248 1453 296 aspera

106 313 335 361 oriundus
374 311 522 359 videri
550 317 701 374 potest
733 326 891 357 secum
917 311 1114 356 Graecos
1147 308 1451 372 heroicosque

108 405 260 436 mores
284 389 331 434 in
361 387 548 451 Virgilii
583 402 773 434 carmen
801 385 1128 443 transtulisse3
1159 401 1243 432 nec
1267 401 1451 449 negan—

107 465 222 512 dum
248 471 316 511 est
353 473 552 527 poetam,
592 462 832 509 occasione
862 469 1063 525 arrepta,
1089 462 1446 508 Homericarum

107 557 263 588 rerum
296 540 344 586 in
369 539 449 586 tali
479 540 580 586 viro
613 538 916 601 potissimum
953 537 1241 584 meminisse.
1274 538 1336 584 At
1360 537 1450 584 ali-

107 614 295 680 quando
327 616 376 662 in
414 615 532 679 ipsis
567 616 877 673 Troianorum
900 613 1084 672 castris,
1133 614 1174 659 si
1219 613 1452 676 quaedam

107 693 309 757 excipias
329 691 388 739 ad
407 693 636 739 Romanos
659 706 813 736 mores
831 689 985 752 potius
1001 690 1274 752 spectantia,
1302 697 1455 737 cetera

109 785 204 815 non
230 784 368 815 secus
392 777 532 831 atque
552 766 838 815 Achivorum
864 766 914 812 in
940 766 1106 812 castris
1132 764 1259 828 apud
1281 768 1453 813 Home-

109 862 216 892 rum
241 861 339 892 sese
361 845 554 891 habent.
583 843 873 905 Argumento
908 842 969 888 sit
991 849 1114 888 totus
1135 841 1215 888 ille
1249 842 1452 904 insignis

109 922 239 969 locus
265 938 357 985 quo
381 922 515 968 Nisus
539 929 581 967 et
600 919 852 982 EuryaluS‚
881 918 1059 981 ingenti
1085 918 1293 965 hostium
1318 917 1455 965 caede

110 998 252 1054 edita,
276 998 366 1062 ipsi
400 997 514 1044 alter
540 1012 680 1059 super
712 995 912 1042 alterum
945 994 1156 1057 oppressi
1184 994 1410 1042 occidunt
1439 1011 1450 1042 :

111 1084 267 1139 atque,
283 1085 335 1121 ut
356 1076 561 1121 Romana
581 1073 789 1136 primum
817 1079 897 1118 aut
923 1070 1081 1117 saltem
1105 1070 1204 1117 aevi
1225 1072 1455 1118 recentio-

110 1153 175 1199 ris
195 1151 387 1215 vestigia
415 1165 691 1214 persequar,
714 1157 871 1195 utrum
887 1147 973 1194 tibi
994 1147 1177 1194 videtur
1198 1149 1341 1195 Nisus
1369 1147 1456 1195 sub

113 1237 269 1275 monte
295 1228 372 1275 Ida
398 1237 533 1274 natus
564 1243 621 1272 an
649 1226 844 1273 Athenis
880 1225 953 1271 vel
988 1227 1176 1280 Romae,
1219 1224 1456 1271 Diomedis

109 1305 568 1368 Agamemnonisque
591 1302 803 1365 aequalis
825 1317 882 1348 an
906 1301 1128 1361 Socratis,
1157 1302 1237 1364 qui
1264 1302 1328 1347 ita
1347 1301 1457 1365 phi-

113 1381 388 1445 losophetur
418 1400 430 1426 ι

501 1471 607 1512 Dine
632 1472 739 1512 hunc
753 1469 937 1511 ardorem
958 1469 1165 1510 mentibus
1190 1469 1345 1510 addunt

189 1537 391 1591 Euryale?
414 1551 464 1577 an
487 1551 561 1577 sua
580 1536 724 1591 cuique
748 1536 847 1576 deus
868 1536 913 1575 fit
934 1535 1022 1575 dira
1041 1534 1219 1589 cupido?

191 1603 274 1643 Aut
296 1616 478 1657 pugnam
496 1608 564 1642 aut
582 1601 738 1656 aliquid
756 1600 999 1656 jamdudum
1023 1599 1211 1641 invadere
1236 1614 1433 1654 magnum

191 1669 313 1709 Mens
336 1667 464 1722 agitat
482 1667 585 1707 mihi
604 1680 677 1707 neo
696 1666 854 1721 placida
873 1672 1062 1707 contenta
1082 1666 1218 1720 quiete
1247 1672 1309 1706 est
1322 1667 1350 1707 ¹.

113 1784 314 1830 Possunt
346 1780 539 1844 quidem
577 1780 627 1826 hi
670 1779 762 1826 duo
797 1796 960 1826 versus
1001 1778 1155 1826 ultimi
1192 1795 1216 1825 c
1254 1782 1458 1826 sacrario

112 1860 353 1906 Homerico
382 1858 548 1921 prolati
577 1856 743 1914 videri,
769 1855 893 1919 apud
921 1871 1062 1919 quem
1091 1856 1299 1901 invenias
1327 1871 1337 1901 :

272 1981 437 2034 Νέστορ’,
456 1983 513 2031 ἔμ’
536 1979 670 2031 ὀτρύνει
691 1981 817 2030 κραδίη
837 1979 898 2017 καὶ
918 1980 1023 2029 θυμὸς
1042 1978 1186 2030 ἀγήνωρ

272 2047 406 2099 ἄνδρων
428 2046 625 2096 δυσμενέων
647 2047 742 2083 δῦναι
762 2047 923 2096 στράτον,
944 2044 1043 2096 ἔγγυς
1067 2043 1233 2083 ἐόντωνῖ.

113 2158 202 2206 Sed
232 2159 344 2205 haec
376 2174 468 2205 non
496 2157 606 2204 satis
637 2156 804 2204 habuit
824 2164 998 2203 vertere
1031 2159 1268 2203 Romanus
1296 2164 1456 2220 poeta3

112 2235 298 2283 addidit

378 2299 443 2338 An
462 2311 534 2338 sua
557 2296 703 2351 cuique
725 2295 825 2337 deus
845 2297 890 2338 fit
910 2296 998 2337 dira
1020 2296 1195 2351 cupido?

111 2414 274 2461 Omnis
310 2421 464 2459 motus
499 2412 643 2458 animi
681 2411 806 2474 apud
842 2414 1094 2458 Homerum
1134 2428 1216 2475 pro
1255 2413 1462 2459 numinis

111 2489 358 2554 quusdam
383 2489 612 2535 instinctu
638 2488 797 2535 haberi
826 2488 968 2548 solet3
1001 2487 1081 2534 sed
1108 2504 1201 2535 non
1230 2489 1294 2535 ita
1323 2496 1460 2536 natu·

173 2665 206 2700 1.
241 2663 333 2700 Aen.
361 2660 433 2711 IX,
462 2664 549 2699 184.

168 2723 207 2759 2.
237 2720 285 2760 Ιι.
308 2720 360 2770 Χ,
388 2723 478 2760 220.
