1758 2903
890 133 1101 167 -92—

327 225 475 266 aetate
518 217 772 280 discrepat„
812 224 864 264 ut
900 218 1122 280 quamvis
1158 216 1353 265 domum
1398 217 1582 264 Alcinoi
1623 219 1673 264 in
1724 222 1726 225 '

326 294 533 358 Odyssea
559 293 925 357 pulcherrimam
943 303 1081 357 atque
1100 294 1505 357 opulentissimam
1529 294 1674 342 fuisse

326 370 587 428 videamus,
639 378 798 416 tamen
827 370 884 417 de
930 379 1023 416 tam
1075 371 1201 417 lauta
1235 370 1512 434 supellectili
1545 370 1675 418 nulla

328 447 506 493 mentio
545 447 643 493 fiat.
673 446 813 507 Apud
855 447 1108 509 Virgilium
1132 462 1241 493 vero
1264 462 1357 493 non
1387 447 1541 494 solum
1576 446 1675 494 vela
1722 490 1726 491 γ

326 523 471 585 picta,
521 537 638 584 quae
675 522 733 568 ab
767 521 875 568 aula
912 521 1073 584 Attali,
1113 521 1196 568 ubi
1241 521 1450 584 primum
1495 531 1674 584 reperta

327 607 456 655 sunt,
483 598 607 644 dicta
642 599 831 645 fuer-unt
856 598 1037 654 aulaea,
1079 600 1388 644 convivarum
1421 598 1582 660 capiti,
1623 597 1674 644 in

330 674 526 721 modum
549 675 739 721 tentorii
763 674 1006 738 quusdam
1032 673 1445 737 superimpendent
1465 677 1498 731 ¹,
1529 674 1610 720 sed
1631 681 1676 719 et

329 759 574 813 argentum
594 752 642 797 in
656 754 833 798 mensis
851 753 1116 814 exponitur,
1137 766 1288 813 quum
1301 766 1491 797 mensas
1504 749 1674 813 hujus-

327 827 509 874 cemodi
527 843 664 874 nemo
682 830 853 876 Romae
871 829 961 874 nisi
984 836 1090 891 post
1115 827 1273 874 Asiam
1299 826 1530 874 devictam
1549 825 1679 872 vide-

325 905 388 951 rit
410 907 440 964 ²,
467 912 512 951 et
534 921 676 967 super
704 905 846 951 lectos

460 1014 558 1054 Arte
579 1013 784 1054 laboratae
813 1022 944 1054 vestes
965 1021 1154 1069 ostroque
1177 1014 1377 1069 superbo³

329 1113 643 1171 candescunt,
680 1124 724 1161 et
744 1114 901 1177 lychni
931 1131 954 1161 c
989 1115 1291 1178 laquearibus
1311 1115 1483 1162 auratis
1501 1113 1675 1178 depen-

326 1190 455 1248 dent,
483 1206 630 1251 quum
669 1190 911 1252 laquearia
959 1192 1168 1253 primum
1205 1201 1311 1253 post
1351 1190 1674 1254 Carthaginem

326 1281 535 1312 eversam
560 1266 732 1312 fuerint
753 1268 1001 1321 inaurata‘·‚
1019 1283 1168 1330 quum
1188 1267 1365 1330 lychni,
1391 1269 1428 1312 si
1445 1267 1677 1313 Athenaeo

328 1343 471 1389 fidem
504 1341 788 1389 adhibebis⁵
814 1379 826 1402 ‚
856 1359 948 1388 non
975 1344 1041 1388 ita
1075 1348 1173 1406 jam
1209 1343 1388 1406 pridem
1411 1343 1605 1405 reperti,
1633 1349 1679 1389 et

333 1438 355 1460 «
378 1419 527 1464 tonsis
548 1418 767 1464 mantelia
785 1418 910 1464 villis
936 1438 960 1462 »
990 1420 1270 1477 afferuntur,
1288 1435 1434 1481 quum
1453 1435 1512 1466 ne
1537 1419 1675 1465 villo—

386 1563 420 1597 1.
452 1558 596 1611 Neque
635 1558 743 1597 enim
788 1557 929 1598 aulaea
968 1565 1099 1597 vestes
1133 1571 1255 1611 super
1283 1558 1449 1610 reginae
1481 1556 1678 1611 spondam

329 1622 475 1657 stratas
500 1630 587 1656 esse
620 1616 820 1656 existimo.
852 1618 974 1657 Lecto
1005 1616 1134 1656 Servii
1163 1615 1264 1665 Ioco,
1295 1615 1343 1655 de
1376 1629 1498 1656 sensu
1524 1615 1680 1669 ambigi

329 1689 411 1715 non
446 1682 610 1728 potest:
639 1675 767 1715 «Ideo
793 1682 926 1714 autem
959 1675 1078 1714 etiam
1110 1675 1152 1714 in
1190 1673 1379 1714 domibus
1407 1675 1680 1714 tendebantur

330 1734 471 1774 aulaea
493 1742 537 1774 ut
566 1734 739 1773 imitatio
763 1734 1030 1774 tentoriorum
1053 1734 1178 1783 fieret,
1209 1733 1285 1773 sub
1308 1732 1460 1787 quibus
1479 1732 1679 1773 bellantes

331 1806 492 1846 semper
523 1791 753 1832 habitavere
777 1794 964 1846 majores.
1002 1791 1119 1833 Unde
1147 1798 1185 1831 et
1212 1791 1255 1830 in
1283 1791 1473 1831 thalamis
1495 1790 1570 1831 hoc
1591 1791 1680 1831 fieri

329 1849 450 1890 hodie
475 1850 763 1904 conspicimus.
788 1852 822 1891 V
826 1865 915 1891 arro
939 1858 1074 1890 tamen
1098 1850 1195 1890 dicit
1217 1849 1305 1890 vela
1332 1849 1459 1890 solere
1484 1849 1680 1905 suspendi

329 1909 380 1949 ad
402 1909 684 1962 excipiendum
714 1909 923 1963 pulverem
948 1909 1044 1963 quia
1070 1923 1170 1949 usus
1195 1922 1374 1948 camerae
1398 1907 1676 1961 ignorabatur.

329 1967 447 2007 Unde
489 1967 681 2007 Horatius
708 1980 715 2006 :
742 1968 901 2007 Interea
921 1981 1119 2022 suspensa
1140 1981 1280 2020 graves
1302 1967 1445 2005 aulaea
1467 1966 1606 2006 ruinas
1630 1967 1679 2006 In

329 2025 510 2080 patinam
526 2025 665 2074 fecere,
682 2026 884 2065 trahentia
913 2026 1092 2080 pulveris
1109 2025 1186 2065 atri
1210 2025 1416 2074 Quantum
1442 2039 1522 2064 non
1542 2024 1680 2079 aquilo

330 2083 547 2138 Campanis
583 2085 727 2124 excitat
761 2084 869 2135 agris
894 2104 932 2126 ι).
965 2085 1076 2124 Male
1104 2098 1198 2137 ergo
1234 2083 1337 2123 Rich
1366 2098 1374 2123 :
1412 2083 1680 2137 «tapisseries

331 2143 430 2183 dont
445 2157 495 2183 on
520 2157 563 2182 se
587 2143 732 2183 servait
756 2158 858 2197 pour
876 2143 1038 2184 decorer
1058 2144 1117 2183 les
1131 2157 1244 2182 murs
1262 2143 1382 2183 d'une
1401 2142 1497 2182 salle
1515 2145 1538 2182 ὲ.
1560 2156 1676 2182 man-

332 2216 404 2255 ger
424 2221 463 2241 ».
490 2201 791 2252 Animadverte,
832 2216 996 2256 quaeso,
1036 2201 1140 2241 inter
1170 2202 1391 2242 Yarroncm
1424 2209 1462 2241 et
1491 2201 1679 2254 Servium

331 2274 410 2299 non
435 2260 483 2300 de
503 2274 625 2300 sensu
655 2261 825 2313 ambigi,
851 2261 920 2300 sed
945 2261 992 2301 de
1020 2261 1077 2300 rei
1108 2260 1284 2314 origine;
1312 2259 1410 2300 adeo
1435 2259 1678 2314 significatio

331 2319 438 2373 apud
464 2321 669 2359 Romanos
694 2319 802 2359 haud
823 2319 949 2359 dubia
972 2328 1069 2361 erat.

387 2386 424 2418 2.
455 2378 588 2428 Pline,
613 2381 714 2419 Htsz.
739 2382 846 2425 Nat„
871 2379 1059 2428 XXXIV,
1084 2384 1121 2430 3,
1146 2383 1212 2429 143
1238 2377 1468 2428 Tite-Live,
1489 2377 1678 2428 XXXIX,

332 2441 371 2488 6,
400 2442 438 2477 7.

386 2501 422 2535 3.
455 2497 547 2535 Aen.
575 2496 608 2546 Ι,
633 2501 723 2535 689.

387 2562 424 2593 li.
457 2553 590 2603 Plinc,
618 2557 713 2594 [list.
740 2556 848 2603 Nat„
869 2554 1060 2605 XXXIII,
1085 2561 1144 2594 18.

390 2619 425 2652 5.
458 2613 572 2662 Ath.,
598 2614 687 2666 XV,
714 2618 789 2654 700
815 2626 823 2653 2
850 2617 888 2653 οὐ
912 2614 1058 2653 παλαιὸν
1091 2616 1121 2651 δ’
1138 2614 1273 2666 εὕρημα
1292 2615 1417 2667 λύχνος
1433 2627 1442 2637 ·
1466 2613 1570 2667 φλογὶ
1595 2612 1627 2651 δ’
1645 2613 1678 2651 οἱ

332 2673 474 2710 παλαιοὶ
495 2676 557 2718 τῆς
582 2689 614 2710 τι
632 2674 731 2725 δᾳδὸς
754 2673 814 2712 καὶ
833 2676 902 2711 τῶν
924 2673 1038 2711 ἄλλων
1062 2672 1169 2716 {ozon
1193 2675 1366 2725 ἐχρῶντο.

1739 1703 1758 1809 εφη-τ
1727 1566 1758 1687 ἡμῖν-ν’
1741 1453 1758 1554 -ιι-αι
1751 1439 1753 1441 -
1736 1315 1758 1427 mma

1731 2283 1758 2495 ,τψοικνηιὶ
1733 2111 1758 2276 ‘munet
1739 2086 1758 2103 t

1732 2842 1750 2903 δὴ
1728 2620 1758 2826 *ansts—'25⁴'
1732 2533 1758 2602 ,κ’
1739 2506 1745 2516 ·
