1758 2903
911 147 962 152 -
993 126 1040 164 52
1069 144 1120 153 ..-

343 214 564 277 professis
616 215 893 277 praeesset¹.
950 215 1153 260 Recense
1207 228 1396 276 quoque
1450 211 1685 275 Apollinis

342 289 642 353 cognomina;
661 289 891 353 quaedam
916 291 1114 335 Homero
1141 288 1330 351 quidem
1358 290 1550 335 omnino
1578 297 1688 336 sunt

343 366 598 427 incognita,
634 374 685 412 ut
714 365 1050 428 Thymbraeus5
1082 366 1311 428 Gryneus,
1351 364 1431 412 sed
1460 365 1686 429 originem

343 444 561 489 Graecam
578 443 681 504 ipsa
696 441 917 505 produnt.
930 440 1056 487 Audi
1071 457 1181 488 vero
1196 442 1405 488 Servium
1422 441 1507 488 hos
1521 457 1687 489 versus

341 517 652 582 explicantem

450 638 590 689 Qualis
610 638 682 678 ubi
701 637 912 677 hibernam
930 638 1093 690 Lyciam
1112 637 1347 691 Xanthique
1366 638 1519 678 fluenta

449 703 609 743 Deserit
631 716 677 742 ac
691 701 837 742 Delum
858 709 1078 742 maternam
1098 702 1238 742 invisit
1257 701 1402 757 Apollo
1418 703 1447 751 ²,

349 826 444 870 «Et
472 823 589 870 bene
614 823 743 869 aliud
770 838 931 886 agens,
959 821 1089 869 aliud
1113 821 1335 869 ostendit.
1361 823 1478 868 Nam
1508 828 1690 867 constat

343 901 610 965 Apollinem
648 916 726 947 sex
762 900 1004 946 mensibus
1044 899 1216 946 hiemis
1261 899 1338 962 (al.
1386 897 1686 961 hiemalibus)

343 977 467 1041 apud
502 979 714 1024 Pataram
752 977 911 1040 Lyciae
950 977 1180 1023 civitatem
1217 975 1326 1022 dare
1362 990 1606 1038 responsa,
1644 983 1690 1020 et
1754 975 1756 987 '

343 1070 422 1100 sex
440 1054 726 1116 (mensibus)
743 1054 930 1099 aestivis
957 1052 1082 1115 apud
1103 1052 1283 1098 Delum.
1307 1071 1327 1094 >a
1345 1053 1521 1098 Delium
1547 1049 1688 1114 Apol·

344 1131 490 1176 linem
506 1132 734 1176 Homerus
752 1130 897 1186 novit,
917 1129 1154 1174 Patareum
1173 1144 1263 1174 non
1279 1127 1466 1174 videtur
1479 1127 1685 1173 novisse.
1755 1132 1756 1137 ’

347 1209 509 1258 Poetas
537 1209 734 1252 Graecos
763 1204 839 1251 hic
870 1221 1072 1268 quoque,
1109 1204 1190 1251 sed
1221 1204 1385 1250 aetatis
1411 1203 1688 1250 recentioris

343 1290 476 1346 poeta
498 1284 734 1330 Romanus
760 1284 996 1344 sequitur3
1021 1283 1116 1327 imo
1137 1297 1248 1327 vero
1275 1288 1418 1326 totam
1436 1280 1529 1327 fere
1555 1295 1686 1326 com-

342 1359 633 1422 parationem
656 1358 713 1404 ab
736 1357 984 1421 Apollonio
1012 1365 1251 1404 mutuatus
1283 1365 1370 1415 est,
1396 1355 1522 1421 apud
1549 1372 1689 1420 quem

347 1437 461 1498 legis

530 1504 617 1553 Οἶος
637 1511 666 1547 δ’
687 1509 727 1548 ἔκ
745 1512 840 1556 νηοῖο
864 1510 1010 1551 θυώδεος
1029 1504 1115 1549 εἶσιν
1137 1510 1315 1549 Ἀπόλλων

531 1577 646 1622 Δῆλον
672 1575 726 1613 ἀν’
746 1575 896 1626 ἀγαθέην
924 1577 966 1621 ἠὲ
987 1574 1124 1625 Κλάρον
1147 1575 1169 1621 ἢ
1194 1576 1251 1624 ὅγε
1277 1571 1384 1613 Πυθὼ

529 1639 582 1678 Ἢ
603 1639 736 1686 Λυκίην
761 1641 894 1692 εὐρεῖαν
916 1639 975 1678 ἐπὶ
994 1639 1146 1678 Ξάνθοιο
1167 1639 1381 1691 ῥοῇσινὸ....

341 1761 578 1819 Leyiferae
590 1757 766 1804 Cereris
788 1753 921 1803 nulla
943 1771 1127 1819 quoque
1150 1753 1272 1818 apud
1287 1757 1538 1803 Homerum
1559 1770 1689 1802 men-

341 1837 430 1893 tio;
461 1833 584 1880 unde
621 1841 777 1880 autem
814 1831 901 1879 hoe
942 1831 1055 1878 deae
1091 1831 1268 1878 nomini
1305 1830 1517 1877 additum
1553 1845 1688 1877 voca-

342 1910 507 1958 bulum
532 1909 738 1973 sumpsit
768 1908 989 1972 Virgilius
1018 1908 1109 1954 nisi
1139 1924 1167 1955 a
1191 1907 1392 1964 Graecis,
1424 1907 1549 1970 apud
1571 1922 1690 1970 quos

400 2091 434 2125 1.
487 2082 734 2132 Friedreich,
772 2084 838 2122 Die
868 2083 1027 2122 Realien
1055 2084 1100 2122 in
1129 2083 1199 2121 der
1229 2083 1354 2122 Iliade
1382 2082 1469 2121 und
1501 2082 1686 2133 Odyssea,

343 2145 384 2185 S.
410 2148 500 2183 694.
521 2142 595 2181 Die
620 2141 832 2181 Annahme
849 2140 1018 2193 Einiger
1041 2139 1133 2180 dass
1151 2140 1296 2195 Apollo
1316 2154 1393 2179 von
1412 2140 1564 2180 Homer
1585 2140 1689 2180 auch

339 2202 400 2242 als
417 2201 598 2254 Heilgott
623 2200 794 2239 erkannt
814 2199 975 2239 worden
999 2206 1117 2238 uuter
1138 2199 1229 2239 dem
1247 2198 1539 2239 Homerischen
1552 2199 1688 2239 Paeon

341 2259 502 2315 Apollo,
534 2258 618 2298 und
654 2260 838 2299 Ersterer
876 2257 935 2298 als
968 2258 1033 2297 ein
1071 2257 1265 2298 Boiname
1302 2257 1372 2298 des
1400 2259 1610 2298 Letzteren
1640 2271 1688 2297 zu

340 2319 551 2360 verstehen
588 2318 646 2357 sei
679 2317 734 2357 ist
773 2317 874 2370 irrig
908 2330 916 2356 ;
951 2317 1101 2356 Homer
1134 2317 1252 2357 weiss
1284 2316 1388 2356 noch
1426 2315 1571 2356 Nichts
1611 2329 1688 2355 von

341 2377 486 2433 Apollo
513 2377 572 2417 als
595 2378 705 2427 Arzt,
726 2377 810 2415 und
834 2376 1009 2415 Eustath
1036 2382 1125 2429 sagt
1149 2390 1247 2429 ganz
1272 2374 1452 2416 deutlich
1471 2375 1606 2415 Paeon
1629 2373 1688 2415 sei

340 2451 417 2477 von
434 2435 580 2490 Apollo
603 2449 702 2489 ganz
722 2434 997 2475 verschieden.

395 2502 432 2536 a.
465 2496 632 2546 IV‚143.

395 2560 432 2596 3.
463 2553 652 2608 Apollon.
678 2553 711 2605 I,
739 2558 830 2594 307.
857 2551 917 2593 Cf.
939 2552 1096 2593 Gallim.
1120 2556 1164 2593 in
1186 2553 1311 2604 Apoll.
1339 2557 1400 2592 14.
1426 2553 1482 2592 Τὰ
1507 2552 1686 2605 ἀναγώγια

340 2613 402 2653 vel
422 2614 465 2651 τὰ
483 2614 702 2663 καταγώγια,
728 2612 796 2666 qui
818 2611 903 2651 dies
925 2611 1017 2651 festi
1038 2619 1150 2652 erant
1171 2611 1278 2665 apud
1297 2611 1485 2661 Graecos,
1499 2610 1687 2651 videntur

342 2672 406 2712 hie
431 2672 659 2711 memorari.
