1758 2903
640 107 879 144 —119—

89 192 335 241 funeribus
369 201 556 254 tropaea
595 208 703 239 cum
736 191 889 239 titulis
917 197 964 239 et
1008 206 1117 238 cum
1159 191 1429 240 nominibus

90 269 149 316 de
170 271 398 316 victorum
427 269 632 316 hostium
656 269 925 315 ferrentur¹.
952 269 1070 315 Tum
1086 267 1229 315 adest
1251 270 1425 319 senior.

86 348 279 393 Acoetes
307 360 320 392 ε

191 457 360 496 Pectora
377 468 484 496 nunc
503 455 671 496 foedans
689 453 857 510 pugnis,
882 466 991 494 nunc
1008 451 1220 507 unguibus
1241 467 1311 495 ora

190 520 396 562 Sternitur
418 527 458 561 et
477 528 560 561 toto
585 521 788 575 projectus
811 531 976 573 corpore
997 524 1141 559 terrae.

88 628 180 685 Qui
213 627 366 675 luctus
408 627 625 691 quamvis
666 625 987 673 vehementior
1029 623 1167 672 nobis
1219 625 1431 675 videatur

81 720 225 767 quam
253 712 304 752 ut
337 705 385 750 in
414 704 627 750 homines
662 703 915 750 modestiae
945 705 1188 753 consulere
1219 712 1428 753 assuetos

81 781 234 844 possit
258 779 436 838 cadere,
469 795 558 825 non
584 786 740 825 tamen
773 779 959 825 heroico
984 782 1183 844 tempori
1205 781 1425 845 proprius

80 855 242 902 haberi
279 855 443 913 debet;
482 862 577 902 tota
614 855 738 900 enim
788 855 1059 917 antiquitas,
1104 872 1196 903 non
1246 865 1426 903 tantum

83 932 269 979 heroica
288 939 332 978 et
351 933 542 990 Graeca,
559 930 638 977 sed
661 939 705 977 et
720 931 1089 990 Romana,solita
1104 941 1171 979 est
1188 933 1250 980 ita
1271 932 1428 996 lugere

81 1016 134 1055 ut
163 1010 253 1054 vi1i
286 1016 437 1055 vestes
484 1006 770 1065 scinderent,
817 1006 1001 1054 vultum
1046 1024 1098 1055 ac
1131 1015 1292 1072 pectus
1322 1015 1427 1055 tun-

79 1084 229 1133 dendo
256 1084 528 1140 lacerarent,
558 1092 697 1147 caput
724 1083 912 1147 pulvere
946 1092 1288 1149 respergerent,
1325 1100 1426 1131 sese

77 1161 138 1208 ad
183 1170 355 1208 terram
406 1161 710 1224 proJicerent,
766 1159 957 1207 tandem
1029 1160 1187 1208 dolore
1232 1176 1425 1224 prorsus

76 1246 283 1284 amentes
303 1246 346 1284 et
372 1238 442 1283 sui
469 1237 666 1299 impotes
689 1234 959 1283 viderentur
984 1253 996 1285 :

234 1355 401 1395 Ducunt
417 1362 455 1394 et
470 1353 624 1394 Rutulo
640 1352 826 1407 perfusos
848 1352 1047 1406 sanguine
1067 1366 1209 1394 currus
1217 1357 1248 1396 *ι

77 1464 259 1510 Rursus
288 1461 346 1508 ad
379 1462 566 1508 heroica
595 1469 716 1508 certe
742 1459 1012 1519 relabimur,
1041 1477 1187 1523 quum
1225 1478 1249 1509 e
1283 1478 1422 1509 curru

77 1540 269 1586 nonnisi
289 1538 414 1602 apud
436 1540 691 1584 Homerum
720 1551 771 1583 ac
801 1544 960 1599 poetis
981 1538 1061 1601 qui
1080 1539 1256 1586 heroici
1273 1538 1423 1586 seculi

75 1631 152 1663 res
175 1622 327 1680 gestas
353 1615 642 1679 cecinerunt,
669 1622 870 1661 certetur
896 1629 906 1660 :

207 1728 307 1767 Post
326 1725 500 1767 bellator
518 1738 663 1779 equus,
682 1726 822 1777 positis
848 1726 1087 1777 ‘ln-siqnibus,
1112 1724 1272 1766 Aethon

208 1792 247 1833 It
263 1790 518 1832 laerimans³.

73 1898 210 1955 Quod
248 1900 288 1945 si
326 1897 443 1945 velis
466 1897 578 1944 haec
606 1897 814 1959 insignia
854 1896 1065 1960 phaleras
1099 1897 1416 1960 interpretari,

74 1978 282 2024 Romana
307 1982 416 2021 sunt
438 1991 447 2019 :
476 1989 570 2020 non
596 1980 755 2020 tamen
781 1972 928 2037 liquet
954 1971 1173 2037 phaleras
1192 1972 1354 2020 fuisse.

154 2086 323 2127 Hastam
341 2084 412 2125 alii
431 2083 670 2138 galeamque
692 2082 828 2124 ferunt
849 2095 858 2123 :
882 2097 978 2124 nam
998 2088 1131 2124 cetera
1151 2083 1318 2124 Turnus

153 2151 294 2193 Victor
306 2149 441 2190 habet.
456 2150 564 2190 Tum
584 2155 738 2189 maesta
757 2147 934 2203 phalanx
955 2147 1180 2202 Teucrique
1194 2154 1424 2202 sequuntur

154 2215 437 2270 Tyrrhenique
460 2227 600 2255 omnes
624 2220 663 2254 et
678 2213 806 2256 versis
828 2212 1006 2255 Arcades
1023 2213 1187 2254 armis¹⁸.

75 2316 147 2366 Ad
173 2317 288 2364 haec
306 2317 581 2380 interpretes
603 2316 748 2363 Taciti
775 2315 928 2363 locum
949 2315 1153 2363 afferunt
1175 2330 1418 2378 pompam,

70 2410 164 2459 qua
185 2394 366 2442 cineres
388 2393 604 2441 Germani
632 2395 824 2440 Romam
852 2393 1071 2456 reportati
1092 2401 1222 2451 sunt,
1246 2391 1416 2440 descri-

131 2539 165 2575 l.
197 2533 345 2580 Tacit.‚
368 2535 470 2574 Arm.
497 2532 531 2585 Ι,
552 2537 589 2573 8.

123 2597 162 2632 2.
193 2594 287 2633 Aen.
310 2592 382 2643 XI,
411 2596 476 2631 88.

123 2656 161 2691 3.
194 2656 258 2707 89.
291 2674 343 2681 -
375 2663 411 2691 ᾳ.
445 2655 508 2690 92.
