1758 2903
916 147 1125 181 -54-

775 227 973 268 Homolen
998 228 1248 284 Othrquue
1270 228 1444 269 nivaIem

483 291 734 346 Linquentes
755 306 875 333 cursu
899 292 1039 348 rapido
1050 296 1078 343 ¹3

352 403 461 451 inde
486 404 568 451 illa
591 405 914 453 herculeorum
939 408 1160 454 itinerum
1181 407 1425 454 admiratio
1453 423 1463 454 τ

485 527 569 567 Nec
589 541 680 567 vero
704 527 868 568 Alcides
889 535 1046 569 tantum
1071 528 1230 569 telluris
1253 528 1410 571 obivit’.

353 641 462 688 inde
483 650 525 687 et
551 640 627 686 illa
651 640 805 687 sabw'a

486 764 636 805 Fixerit
656 764 883 819 aeripedem
907 779 1062 805 cervam
1085 765 1220 806 licet³.

354 895 502 937 quum
532 879 645 925 alias
672 878 851 943 legatur
879 895 1060 925 cervam
1087 878 1207 926 hanc
1242 879 1298 926 ab
1334 879 1525 927 Hercule
1560 894 1700 926 cursu

357 966 623 1018 superatam
643 955 787 1001 fuisse
811 971 863 1001 ac
886 957 1018 1001 vivae
1040 971 1232 1001 manum
1257 957 1501 1019 inJectam3
1528 954 1636 1001 inde
1658 965 1704 1001 et

358 1032 438 1078 ille
459 1033 654 1095 spiritus
678 1039 816 1094 atque
837 1031 1050 1078 alacritas
1072 1037 1298 1095 Juvenum
1322 1035 1369 1078 in
1394 1041 1557 1079 octavo
1582 1031 1700 1078 libro

358 1109 569 1155 Herculis
596 1108 758 1155 laudes
783 1107 1134 1154 celebrantium.

1750 931 1758 983 ἐν
1756 914 1758 919 .

1753 997 1758 1073 ἐ

424 1185 547 1241 Quid
582 1184 708 1247 quod
733 1186 895 1230 Bacchi
922 1184 1099 1230 cultum
1126 1201 1178 1230 ac
1206 1185 1479 1231 comitatum
1506 1184 1585 1230 vix
1611 1185 1703 1230 Ho-
1757 1226 1758 1248 ζ

359 1256 515 1309 merus
540 1262 686 1319 novit,
710 1261 931 1323 Virgilius
960 1269 1115 1306 autem
1136 1261 1350 1307 Amatam
1382 1261 1512 1324 orgia
1533 1260 1706 1323 Diony-

359 1340 418 1385 sii
445 1338 606 1385 eodem
635 1338 730 1384 sere
757 1336 920 1393 modo,
944 1354 1035 1400 quo
1065 1338 1111 1384 in
1139 1337 1364 1399 Euripide
1390 1337 1561 1399 Agave,
1585 1336 1705 1383 cele-

358 1414 573 1461 brantem
628 1413 827 1459 inducit.
880 1415 971 1460 Nec
1018 1413 1188 1461 desunt
1234 1414 1308 1460 hic
1358 1429 1544 1476 quoque
1592 1413 1705 1459 furti

359 1492 578 1554 vestigia3
609 1489 731 1537 unde
753 1490 875 1536 enim
903 1489 1097 1537 ductum
1123 1489 1501 1537 existimabimus
1520 1489 1702 1551 Virgilii

359 1583 566 1625 versum,

654 1701 812 1729 sacrum
829 1687 905 1727 tihi
926 1702 1087 1742 pascere
1111 1688 1306 1740 erinemh,

361 1819 560 1866 quunm,
595 1807 759 1865 utJam
785 1803 992 1866 Heynius
1022 1803 1276 1860 annotavit,
1306 1803 1460 1850 rarius
1493 1812 1709 1851 occurrat

368 1879 531 1943 «quod
560 1895 742 1926 comam
768 1895 958 1942 quoque
980 1879 1160 1926 Baccho
1187 1879 1322 1926 alunt
1338 1878 1543 1927 Bacchae
1560 1895 1603 1939 »3
1623 1881 1711 1927 sci-

363 1956 470 2003 licet
505 1957 702 2016 praeivit
725 1955 976 2019 Euripides
1003 1973 1013 2001 :

493 2077 600 2131 Ἱερὸς
618 2081 635 2116 ὁ
660 2077 856 2128 πλοκάμος,
877 2080 928 2129 τῷ
952 2076 1019 2130 θέῳ
1039 2076 1070 2115 τ’
1093 2077 1194 2116 αὐτὸν
1214 2077 1330 2131 τρέφῳ
1344 2077 1372 2116 ⁸.

362 2297 456 2323 vum
480 2289 613 2337 caput,
631 2289 745 2336 terga
767 2289 909 2335 tegens
932 2281 1106 2322 terribili
1126 2282 1229 2323 rictu
1250 2281 1357 2323 fulvo
1380 2281 1485 2323 ferae
1504 2300 1541 2323 ».
1568 2283 1710 2338 Neque

363 2343 471 2383 enim
493 2350 619 2394 terga,
647 2341 718 2381 sed
740 2349 857 2394 caput
879 2342 981 2381 rictu
1011 2340 1242 2395 cooperitur
1268 2352 1277 2380 1
1313 2343 1522 2386 ἐπινωτίσας
1541 2356 1634 2382 vero
1660 2341 1707 2382 ad

362 2401 559 2455 reliquam
578 2400 695 2454 pellis
708 2407 863 2454 partem
885 2414 987 2454 quae
1004 2414 1074 2453 per
1089 2408 1248 2453 tergum
1267 2399 1466 2454 dependet
1485 2406 1653 2454 spectat.

421 2466 455 2500 1.
487 2464 581 2500 Aen.
604 2461 696 2510 VH,
725 2465 814 2499 675.
836 2458 895 2499 Cf.
921 2462 1033 2501 Herc.
1056 2462 1142 2510 sur.
1166 2473 1201 2500 v.
1229 2463 1304 2499 364
1327 2465 1365 2499 et
1384 2465 1477 2500 371.

448 2552 455 2560 .
485 2522 579 2559 Aen.
601 2519 672 2569 VI,
694 2523 786 2558 801.

447 2610 455 2617 .
487 2578 558 2629 VI,
584 2583 674 2618 802.

447 2669 454 2676 .
488 2638 578 2687 VH,
615 2641 706 2676 391.

448 2728 455 2735 .
490 2698 663 2737 Bacchae
683 2710 719 2738 V.
744 2699 833 2736 494.

416 2525 440 2734 &tl-*ww
