1758 2903
792 48 1003 83 -24-

225 141 381 181 autern
425 133 746 197 precationum
793 132 1058 196 plerasque,
1103 147 1198 179 non
1237 133 1450 192 Graecae,
1488 147 1575 179 nec

226 210 519 266 HomericaS‚
544 208 626 256 sed
646 210 879 256 Romanas
904 225 1004 256 esse
1025 208 1131 272 quis
1153 202 1418 272 negaverit?
1441 228 1462 251 «
1484 210 1573 256 Ro-

225 286 374 342 mani,
394 285 551 348 inquit
575 286 834 341 Lerschius,
861 302 1010 348 quum
1040 301 1132 333 non
1157 286 1249 333 nisi
1274 302 1303 332 a
1324 286 1421 333 Diis
1443 301 1574 348 prae-

227 361 438 408 sentibus
469 361 740 409 hominibus
782 362 940 408 afferri
974 377 1114 425 posse
1151 361 1378 409 auxilium
1420 361 1574 410 crede-

226 445 346 494 rent,
370 450 449 482 eos
470 435 683 482 solebant
704 436 887 499 precari
907 444 959 482 ut
977 434 1249 482 adessent».
1270 437 1421 491 Quam
1441 451 1574 499 saepe

226 529 335 560 vero
359 512 637 560 vocabulum
659 512 748 559 hoc
774 512 984 559 solemne
1015 513 1309 573 precantium
1348 533 1371 556 α
1399 514 1521 559 adsis
1546 532 1572 554 n

227 589 352 652 apud
383 589 630 652 Virgilium
661 597 919 649 occurrat¹,
950 589 1107 636 sciunt
1129 604 1293 635 omnes
1320 588 1401 651 qui
1430 589 1479 635 in
1510 588 1575 635 le-

226 663 380 728 gendo
419 673 552 728 poeta
587 666 659 712 vel
693 665 943 713 minimum
984 665 1335 728 acquieverunt.
1369 663 1502 720 Quod
1536 663 1576 710 si

230 746 409 788 Aeneas
434 741 694 789 exclamat:

715 857 935 912 Sequimur
954 863 1007 909 te,
1034 863 1168 898 sancte
1189 856 1354 897 deorum

415 916 613 971 Quisquis
633 930 676 958 es
687 918 718 968 ²,

229 1024 514 1072 credendum
543 1032 586 1071 et
613 1025 772 1070 Servio
796 1031 840 1070 et
861 1023 1076 1071 Lerschio
1098 1023 1373 1086 pontificum
1402 1038 1579 1070 morem

229 1101 305 1148 hic
336 1101 618 1164 praestringi
652 1099 1031 1158 observantibus,
1061 1116 1209 1163 quum
1236 1101 1300 1147 ita
1323 1100 1391 1147 illi
1421 1115 1578 1164 preca-

231 1187 395 1225 rentur
420 1193 431 1225 :
452 1197 478 1220 -α
499 1177 713 1241 luppiter
741 1176 1039 1240 omnipotens
1063 1177 1130 1224 vel
1157 1193 1253 1240 quo
1280 1176 1369 1224 alio
1391 1176 1581 1224 nomine

231 1253 454 1318 appellari
487 1253 716 1301 volueris⁸
753 1273 796 1300 ».
833 1254 957 1300 Satis
997 1262 1106 1300 nota
1143 1260 1253 1300 sunt
1283 1252 1425 1301 verba
1461 1268 1582 1316 quae

232 1331 457 1377 Romanis
492 1329 729 1392 lapidibus
769 1331 1002 1393 inscripta
1033 1329 1119 1393 legi
1156 1329 1340 1377 solent:
1376 1345 1469 1377 sivi:
1500 1345 1586 1376 nso

233 1423 326 1454 sivn
360 1408 507 1454 DEAE‘.
534 1409 698 1454 Hector
720 1405 906 1470 quidem
933 1406 1060 1471 apud
1085 1409 1331 1454 Homerum
1356 1406 1421 1453 ita
1440 1405 1582 1469 Apol-

232 1483 374 1532 linem
403 1483 692 1547 alloquiturz

394 1600 460 1643 Τίς
483 1599 520 1638 δέ
541 1598 584 1639 σύ
604 1601 697 1649 ἐσσι,
718 1600 857 1653 φέριστε
883 1599 985 1651 θέων,
1012 1599 1051 1644 ὅς
1069 1600 1107 1651 μ’
1123 1598 1231 1652 εἴρεαι
1250 1598 1400 1648 ἄντηνὸ.

300 1708 362 1754 At
381 1723 473 1753 non
501 1706 580 1753 illa
594 1707 792 1769 precatio
816 1714 885 1752 est
900 1722 914 1764 ;
942 1708 1180 1753 Hectorem
1201 1722 1313 1753 voce
1338 1705 1586 1769 cujusdam

237 1782 312 1830 dei
335 1799 430 1829 non
457 1783 690 1829 manifesti
727 1781 1075 1844 interpellatum
1113 1799 1206 1829 non
1223 1784 1396 1830 mirum
1417 1791 1487 1830 est
1503 1782 1585 1829 ad-

237 1859 455 1906 dubitare
495 1863 743 1922 cujusnam
782 1857 857 1904 dei
898 1858 959 1904 sit
998 1857 1078 1904 illa
1115 1858 1427 1921 interpellatio
1450 1866 1588 1921 atque

238 1935 614 1999 interpellantem
648 1936 932 1998 percontari.
956 1937 1057 1982 Jam
1076 1951 1183 1981 vero
1216 1951 1363 1998 quum
1385 1937 1588 1982 libentem

238 2028 292 2060 ac
317 2013 481 2058 laecum
507 2027 553 2058 se
570 2011 817 2074 praedicat
837 2012 1018 2057 Aeneas
1039 2010 1110 2056 vel
1133 2011 1256 2058 alius
1275 2011 1472 2074 quilibet
1494 2013 1587 2058 Diis

239 2088 519 2148 sacrificare,
555 2087 658 2135 licet
698 2101 925 2151 agnoscas
962 2085 1105 2133 verba
1144 2088 1208 2133 ita
1251 2087 1422 2134 usitata
1449 2095 1500 2134 ut
1537 2088 1585 2134 in

298 2248 478 2297 1.V111‚
512 2253 581 2299 733
617 2248 690 2300 IV,
727 2253 824 2301 5783
859 2248 894 2301 Ι,
935 2251 1029 2298 734;
1066 2248 1114 2298 X,
1150 2250 1244 2299 255,
1276 2249 1370 2295 461,
1406 2250 1495 2286 773.
1525 2244 1586 2286 Cf.

239 2307 412 2357 Arnob.7
438 2308 514 2359 ΙΙΙ,
541 2312 606 2349 43.

293 2372 332 2407 2.
364 2366 436 2419 IV,
464 2371 557 2407 576.
576 2390 627 2397 —
647 2365 706 2407 Cf.
730 2367 764 2417 Ι,
788 2366 978 2418 330;1X,
1004 2370 1070 2406 21.

295 2431 333 2466 3.
367 2426 498 2476 Serv.,
519 2427 571 2465 od
590 2425 659 2476 IV,
689 2430 779 2465 576.

293 2489 332 2524 4.
365 2483 424 2523 Cf.
449 2483 550 2523 Tab.
577 2485 685 2524 Frat.
715 2484 813 2525 Arv,
838 2484 1009 2530 XXXII,
1034 2487 1071 2523 3.
1097 2506 1147 2512 -
1171 2480 1231 2524 Cf.
1258 2483 1370 2535 Corp.
1397 2483 1502 2524 Insa.
1524 2483 1589 2523 la-

242 2545 313 2584 tin.
338 2547 375 2595 1,
398 2548 442 2582 n⁰
469 2547 583 2582 1114.
606 2541 747 2593 Orelli,
768 2551 812 2583 n⁰
833 2548 951 2594 2135,
979 2532 1097 2591 2136,
1120 2545 1240 2582 2137.

296 2607 334 2642 5.
364 2603 481 2645 mad.
504 2602 594 2654 xv,
614 2606 703 2642 247.
