1758 2903
304 231 460 286 poetae
491 221 703 285 applicet,
747 223 1003 268 sententias
1034 229 1078 268 et
1107 219 1246 268 verba
1285 228 1467 268 tantum
1490 221 1648 270 decer-

304 315 438 362 pere;
471 297 834 345 consuetudines
862 306 1016 344 autem
1054 314 1147 344 non
1186 297 1439 362 aliquando
1464 298 1648 346 easdem

301 377 576 434 exprimere,
606 373 876 437 praesertim
897 373 935 419 si
961 374 1151 419 materia
1189 390 1283 420 non
1317 373 1434 421 adeo
1461 374 1648 422 diversa

303 452 380 508 sit,
399 451 437 496 si
450 457 655 513 tempora
670 466 759 496 non
774 449 889 495 adeo
908 448 1046 511 longo
1067 449 1311 496 intervallo
1327 450 1646 511 sintdiscreta,

303 527 340 572 si
391 525 553 571 heroes
583 525 780 572 duorum
816 525 1077 571 carminum
1112 525 1233 571 inter
1269 541 1317 571 se
1355 525 1650 573 confabulari

304 603 552 665 potuerint,
588 604 682 648 imo
721 603 761 648 si
790 601 991 648 alterum
1028 616 1195 664 poema
1232 617 1339 648 cum
1380 601 1525 649 altero
1557 617 1652 649 una.

303 678 505 742 quadam
535 693 691 724 rerum
714 678 1082 734 continuatione,
1107 678 1293 724 annecti
1312 677 1545 724 videatur.

367 759 521 817 Neque
546 756 669 801 enim
693 754 909 800 oblivisci
939 754 1068 801 decet
1099 753 1347 816 Virgilium
1369 753 1456 800 hac
1492 761 1650 802 mente

301 831 555 879 Aeneidem
577 831 824 894 scripsisse
847 837 897 876 ut
913 828 1177 876 ostenderet
1198 831 1430 876 Romanos
1450 845 1476 894 ‚³
1494 831 1651 894 Troja-

303 909 377 954 nis
402 906 628 954 oriundos
651 923 767 965 esse,
791 906 968 953 ltaliam
990 915 1147 952 autem
1175 921 1201 951 a
1226 905 1326 952 deis
1363 893 1505 953 fuisse
1528 906 1652 953 elec-

302 993 394 1029 tam
424 983 522 1040 ubi,
554 983 744 1029 adscitis
783 981 1114 1045 indigenarum
1140 980 1340 1040 viribus,
1367 983 1513 1028 mixto
1541 997 1650 1028 san-

303 1061 464 1123 guine,
493 1059 599 1105 victi
626 1058 813 1121 TroJani
839 1073 885 1103 se
905 1057 1160 1116 reficerent,
1192 1057 1300 1103 inde
1313 1057 1370 1104 ad
1392 1066 1538 1104 terras
1555 1059 1653 1105 vic-

302 1136 422 1181 toria
459 1134 811 1198 perlustrandas
837 1149 890 1180 ac
919 1150 1001 1179 sua
1040 1135 1182 1196 stirpe
1205 1132 1467 1197 implendas
1491 1141 1652 1196 postea

303 1212 537 1274 erupturi.
569 1209 701 1266 Quod
727 1209 977 1256 consilium
1000 1217 1050 1256 ut
1072 1210 1130 1255 ad
1157 1210 1332 1255 exitum
1356 1209 1649 1272 perduceret,

303 1287 418 1350 quid
440 1287 605 1334 melius
627 1289 884 1350 excogitare
909 1296 1087 1349 poterat
1110 1301 1251 1349 quam
1270 1286 1309 1331 si
1331 1301 1483 1332 mores
1497 1286 1652 1333 heroi-

305 1381 383 1411 cos
410 1380 518 1411 cum
556 1363 726 1410 italicis
759 1363 1021 1409 romanisve
1043 1367 1401 1425 aptejungeret‚
1426 1364 1466 1408 si
1484 1362 1651 1409 heroas

309 1440 523 1486 nondum
548 1440 742 1486 omnino
777 1440 1026 1496 Romanos,
1051 1441 1284 1486 Romanos
1320 1454 1413 1484 non
1433 1441 1533 1501 Jam
1558 1455 1654 1486 om-

305 1517 419 1562 nino
437 1515 631 1562 heroum
658 1515 747 1561 ritu
778 1515 983 1561 viventes
1010 1522 1294 1578 agentesque
1314 1515 1451 1577 quasi
1477 1515 1525 1561 in
1550 1530 1651 1562 sce-

305 1607 414 1637 nam
443 1588 717 1638 induceret?
742 1592 863 1638 Hinc
887 1607 998 1637 sane
1028 1589 1168 1637 fidem
1194 1589 1455 1653 legentibus
1481 1591 1651 1639 licebat

305 1668 452 1714 facere
479 1676 524 1714 et

412 1772 618 1812 Romanos
641 1785 777 1812 rerum
798 1771 984 1812 dominos
1007 1777 1250 1827 gentemque
1270 1773 1474 1825 togatam1

307 1888 418 1919 suas
453 1873 502 1919 in
535 1874 645 1921 Asia
686 1889 830 1920 cunas
860 1871 1079 1919 habuisse
1112 1879 1158 1920 et
1194 1875 1435 1920 Caesarem
1459 1872 1654 1934 pulchra

304 1951 481 2009 oriqine
497 1952 735 2010 Trojanum
750 1957 902 1996 natum
921 1952 1101 2009 suisse‘.
1125 1950 1204 1995 Sin
1221 1965 1330 1995 vero
1353 1956 1432 1996 aut
1448 1949 1652 1996 heroicis

305 2025 519 2072 moribus
545 2025 826 2089 effingendis
842 2034 1026 2072 tantum
1046 2025 1312 2082 studuisset,
1337 2032 1531 2072 autnon
1560 2026 1655 2072 nisi

306 2103 539 2148 Romanos
579 2101 798 2148 voluisset
842 2110 1092 2164 praestare,
1132 2102 1232 2163 ipse
1273 2101 1513 2148 vinculum
1558 2117 1653 2164 quo

304 2179 525 2238 TroJanos
547 2184 687 2239 atque
713 2175 848 2223 Italos
871 2192 971 2223 esse
994 2181 1268 2239 conjunctos
1285 2184 1329 2223 et
1348 2177 1654 2240 putabatipse

305 2261 350 2298 et
372 2252 589 2314 aequales
625 2267 904 2315 persuasum
940 2252 1187 2309 habebant,
1227 2252 1505 2337 abrupisset.
1529 2254 1646 2300 Tum

306 2327 536 2374 Aeneidos
562 2329 804 2391 proposito
838 2328 963 2375 color
1003 2330 1185 2375 univer
1193 2329 1208 2374 i
1245 2329 1396 2392 operis
1423 2329 1651 2391 quodam-

308 2404 444 2451 modo
478 2405 863 2468 repugnavisset3
894 2404 1019 2468 quod
1050 2405 1218 2452 vitium
1243 2406 1290 2451 in
1323 2405 1542 2469 Virgilii·
1530 2421 1654 2469 mge-

311 2483 441 2528 nium
467 2481 629 2527 cadere
656 2496 792 2544 posse
819 2497 908 2527 non
929 2480 1129 2527 videtur.

367 2619 398 2653 1.
430 2617 524 2654 Aen.
553 2614 585 2662 Ι,
612 2618 700 2652 282.

358 2677 394 2710 2.
430 2673 461 2723 1,
490 2677 578 2712 286.
