1758 2903
715 92 927 126 —19—

145 184 335 239 propter
367 175 592 238 templum
631 175 679 220 in
713 175 844 221 Italia
872 190 1058 221 summo
1097 174 1272 222 honore
1310 175 1491 222 cultum

146 253 261 299 deae
283 251 484 297 inditum
506 259 588 298 est.
613 251 791 298 Dicitur
813 258 855 298 et
872 253 1076 312 pronuba
1097 267 1214 314 quae
1241 251 1494 315 appellatio

147 328 313 374 saltem
335 331 540 375 Romana
565 336 652 387 est,
675 328 892 391 quamvis
917 344 1010 375 non
1038 328 1412 375 obliviscendum
1437 329 1497 375 sit

150 403 272 467 Ἥραν
307 404 431 467 apud
467 405 665 451 Graecos
693 405 935 451 conubiis¹
964 421 1153 467 quoque
1187 405 1492 467 praesedisse.

147 481 360 528 Dubitari
381 497 492 528 sane
513 489 665 545 potest
686 497 745 527 an
768 481 960 527 Feronia
977 480 1134 527 eadem
1157 481 1216 527 sit
1239 497 1357 544 quae
1374 483 1494 529 Juno

147 558 324 620 virgo²;
362 557 498 604 deam
532 574 638 604 vero
668 556 756 604 sub
790 557 875 603 hoc
902 559 1091 603 nomine
1121 557 1264 604 latere
1290 557 1496 604 italicam

150 649 289 679 nemo
324 632 500 678 infitias
536 633 638 678 ibit.
679 631 915 694 Apollinis
953 647 1059 678 vero
1098 631 1193 679 duo
1225 634 1494 695 praesertim

149 709 444 771 cognomina,
474 716 524 754 ut
555 707 709 755 verbis
736 707 938 755 Lerschii
964 717 1088 764 utar,
1115 711 1370 755 Romanam
1401 711 1497 771 spi-

149 792 256 830 rant
287 795 506 843 mentem,
543 785 625 847 qui
660 786 810 830 Actius
844 785 1059 831 vocatur³
1094 792 1139 830 et
1172 787 1317 831 sancti
1353 793 1495 831 castos

146 861 382 906 Soractis-⁶.
408 862 509 907 Jam
537 859 717 906 cultum
751 860 840 918 dei,
862 876 1010 922 quum
1034 867 1160 906 totus
1187 862 1387 908 Graecus
1416 862 1492 916 sit,

148 947 304 982 tamen
330 936 388 983 ab
413 936 609 999 Virgilio
629 935 766 982 talem
789 937 944 995 effingi
969 936 1119 1000 qualis
1141 953 1168 984 a
1189 938 1408 985 Romanis
1430 949 1500 985 est

82 1042 85 1043 ν
149 1015 413 1070 institutuS,
448 1017 548 1076 Jure
590 1029 697 1059 cum
738 1013 957 1060 Lerschio
994 1013 1318 1060 affirmaveris.
1355 1016 1498 1062 Ludos

148 1091 428 1150 Apollinares
463 1091 592 1137 DXLl
627 1090 763 1136 annis
792 1099 895 1152 post
927 1092 982 1138 U.
1012 1092 1061 1137 C.
1089 1091 1297 1154 primum
1338 1091 1489 1150 datos,

146 1168 354 1226 templum
378 1181 402 1212 e
424 1181 656 1212 marmore
683 1167 728 1212 in
758 1165 929 1227 palatio
951 1165 1009 1212 ab
1036 1167 1249 1230 Augusto
1283 1166 1500 1214 aedifica-

147 1252 267 1300 tum,
299 1242 434 1288 libros
456 1243 698 1302 Sibyllinos
726 1242 896 1287 iterum
928 1243 1211 1305 perscriptos
1237 1252 1372 1305 atque
1397 1243 1498 1291 edi-

148 1327 238 1376 tos,
270 1319 423 1381 iisque
459 1318 699 1364 servandis
733 1319 965 1378 colleqz'um
998 1318 1056 1365 ab
1090 1318 1248 1365 eodem
1287 1321 1500 1384 principe

148 1403 339 1442 auctum
357 1431 369 1453 ‚
411 1395 639 1459 Virgilius
695 1411 841 1458 quum
896 1404 1124 1442 memorat
1174 1405 1255 1442 aut
1299 1398 1501 1460 legentes

149 1472 416 1518 meminisse
444 1468 612 1535 cogit⁵‚
642 1487 752 1519 sane
781 1473 828 1517 in
861 1471 1140 1534 antiquitate
1167 1475 1375 1520 Romana
1399 1489 1499 1520 ver-

148 1564 326 1596 samur.
354 1550 452 1595 Jam
486 1550 710 1596 Gradivus
742 1557 870 1611 pater
901 1564 928 1594 a
958 1550 1101 1595 Marte
1133 1549 1305 1596 Graeco
1335 1550 1500 1596 distin-

147 1623 362 1689 guendus
383 1634 470 1682 est,
496 1626 593 1672 sive
618 1641 727 1671 eum
756 1641 842 1688 pro
868 1627 1013 1671 Marte
1038 1624 1206 1688 pedite,
1233 1633 1284 1672 ut
1303 1625 1500 1689 quidam

153 1759 251 1795 1797
287 1754 515 1809 (sculpture
552 1752 658 1794 della
693 1752 789 1794 villa
815 1752 1038 1806 Borghese‚
1073 1752 1152 1793 vol.
1184 1753 1262 1803 ΙΙΙ,
1295 1753 1398 1794 Tab.
1430 1755 1498 1806 A).

148 1813 315 1854 Lersch.

207 1879 240 1914 1.
271 1872 452 1915 Verbum
476 1872 552 1912 hoc
577 1872 635 1912 ita
665 1869 927 1912 scribendum
951 1883 1039 1911 esse
1063 1872 1284 1921 diplomata
1307 1873 1504 1912 militaria

148 1931 444 1972 demonstrant.

201 1996 238 2031 2.
277 1989 496 2030 Lerschius
514 2003 522 2030 :
543 1988 762 2038 «Feronia,
788 1989 928 2030 Servio
948 1994 1051 2028 teste
1070 1988 1194 2040 Juno,
1221 1988 1349 2042 virgo7
1370 2003 1501 2043 neque

148 2057 210 2090 est
230 2049 339 2104 quod
358 2048 666 2103 grammaticum
686 2062 842 2088 errasse
859 2047 1153 2088 contendamus
1166 2067 1203 2089 n.
1222 2049 1277 2088 At
1295 2049 1383 2102 ipse
1404 2048 1501 2088 Ser-

147 2109 238 2149 vius
260 2108 310 2148 ad
332 2111 428 2148 Aen.
453 2108 572 2159 VIII,
596 2113 672 2148 564
698 2119 706 2146 :
734 2107 942 2147 «Feronia
962 2113 1106 2155 mater,
1131 2109 1310 2158 nympha
1332 2108 1501 2158 Campa-

147 2172 303 2208 maa...
339 2166 438 2206 haec
472 2165 594 2206 etiam
626 2165 866 2205 libertorum
898 2164 972 2205 dea
999 2172 1109 2206 est...
1157 2183 1194 2206 n,
1226 2166 1305 2205 Pro
1326 2165 1500 2219 quadam

146 2227 292 2266 florum
312 2239 357 2266 ac
380 2224 619 2265 libertorum
641 2224 715 2264 dea
739 2238 827 2264 eam
847 2223 972 2264 habet
987 2223 1157 2263 Preller.
1179 2223 1255 2264 Cui
1277 2224 1501 2264 sententiae

147 2299 229 2324 non
251 2283 409 2324 videtur
425 2284 628 2324 adversari
647 2283 757 2324 locus
771 2283 892 2323 Dion.
913 2282 1062 2333 Helie„
1078 2283 1158 2335 III,
1180 2288 1246 2333 32,
1266 2297 1289 2322 a
1308 2282 1502 2322 Lerschio

148 2350 283 2383 tamen
302 2342 489 2382 laudatus
509 2357 518 2383 2
541 2343 649 2396 Ἱερόν
672 2345 813 2384 gorm...
840 2346 919 2387 Οεᾶς
937 2343 1141 2395 Φερωνείας
1161 2342 1435 2393 ὄνομαζῡμένης,
1458 2343 1500 2389 ἣν

146 2405 177 2442 οἱ
198 2403 472 2455 μεταφράζοντες
497 2404 545 2446 εἷς
573 2402 636 2450 τὴν
658 2402 816 2440 Ἑλλάδα
838 2404 1000 2451 γλῶσπαν
1019 2403 1049 2440 οἱ
1071 2402 1132 2452 μὲν
1161 2402 1387 2455 Ἀνθήφορον,
1409 2404 1441 2440 οἳ
1465 2403 1500 2440 δὲ

145 2463 424 2515 Φιλοστέφανον,
451 2463 482 2500 οἱ
505 2463 540 2500 δὲ
564 2462 791 2514 Φερσεφόνην
810 2463 990 2499 καλοῦσιν.

205 2526 243 2560 3.
275 2523 368 2561 Aen.
392 2519 505 2569 VIII,
531 2525 621 2561 704.

203 2584 240 2618 4.
273 2579 345 2629 ΧΙ.Ι
374 2584 464 2619 785.

204 2646 239 2679 5.
275 2638 346 2689 VI,
375 2643 438 2677 69.
