1758 2903
611 125 820 159 —95-

43 210 215 255 Orcum
255 224 354 255 sese
386 208 656 254 immissuro
696 209 953 271 peragitur,
985 224 1131 272 quum
1169 207 1387 271 pluribus

44 284 216 331 ritibus
245 300 384 347 quam
409 283 533 345 apud
561 287 816 330 Homerum
841 292 1037 342 constat,
1062 285 1285 331 Romanis
1308 301 1390 332 su-

43 361 400 424 perstitionibus
424 361 622 406 mixtum
646 360 788 406 fuisse
810 361 1012 407 videtur.
1043 362 1223 407 Etenim
1250 361 1382 424 Ulys-

42 455 120 485 ses
162 446 365 493 tantum,
401 446 654 502 postquam
703 439 877 484 fossam
923 438 1077 500 gladio
1121 440 1388 497 excavavit,

43 515 178 573 lacte,
204 514 336 561 melle
363 523 407 561 et
432 515 539 561 vino
558 514 692 570 libat,
715 522 814 560 tum
837 515 1037 561 farinam
1059 517 1255 578 spargit,
1280 516 1388 562 dein

43 589 284 652 pollicitus
301 606 346 636 se
369 597 475 653 post
493 589 694 636 reditum
719 589 894 636 hostias
913 599 1249 650 mactaturum,
1267 592 1390 639 dona

45 666 192 712 multa
232 667 433 713 mortuis
461 666 748 724 oblaturum,
779 667 992 713 victimas
1018 667 1190 714 ibidem
1215 668 1383 715 caedit.

42 745 258 791 Sacerdos
285 751 440 789 autem
471 741 597 806 apud
621 742 874 804 Virgilium
907 743 1146 806 nigrantes
1164 748 1390 807 juvencos

44 827 149 866 ante
167 835 293 865 aram
309 821 556 877 constituit,
574 834 693 880 quae
713 834 797 863 vox
820 819 866 863 in
887 820 1109 866 Romanis
1133 821 1279 866 sacris
1294 827 1393 866 erat

43 895 292 947 solemnis;
326 903 435 941 tunc
455 895 563 940 vina
595 895 645 940 in
676 894 871 940 frontem
893 910 985 940 non
1005 895 1285 950 funduntur,
1311 895 1390 942 sed

42 974 350 1031 inverqumur,
379 969 526 1032 quod,
556 978 608 1016 ut
627 971 816 1016 Servius
849 969 998 1029 docet,
1019 971 1065 1016 in
1093 971 1292 1017 infernis
1317 987 1390 1017 sa-

43 1048 135 1095 cris
168 1049 336 1094 Romae
378 1046 534 1104 fiebat,
572 1055 672 1092 tum
707 1061 918 1092 summae
967 1052 1137 1102 saetae,
1175 1062 1199 1092 e
1240 1048 1391 1110 capite

43 1124 302 1188 decerptae,
329 1124 378 1170 in
414 1123 572 1186 ignem
604 1123 915 1186 injiciuntur3
955 1129 1052 1169 tum
1084 1139 1185 1169 voce
1210 1130 1391 1170 vocatur

44 1205 237 1257 Hecate,
268 1200 476 1264 mysticis
500 1198 670 1246 scilicet
689 1197 972 1261 quibusdam
997 1200 1144 1258 sonis,
1170 1216 1263 1246 ron
1290 1216 1391 1247 ver-

42 1277 135 1335 bis,
162 1276 287 1338 quod
308 1291 453 1339 genus
482 1278 673 1321 Hecates
702 1274 1011 1332 invocandae,
1041 1276 1079 1320 si
1109 1275 1260 1321 credis
1283 1277 1390 1322 Ser-

39 1355 136 1410 vio,
162 1354 208 1399 in
245 1352 376 1399 Italia
397 1352 608 1415 vigebat3
638 1359 738 1397 tum
764 1359 1075 1411 supponuntur
1099 1350 1237 1397 cultri
1260 1350 1388 1413 quod

40 1431 235 1478 verbum
259 1429 449 1477 mollius
471 1427 576 1474 ideo
598 1428 815 1491 usurpari
838 1427 939 1474 vult
964 1428 1152 1474 Servius
1177 1434 1230 1474 ut
1254 1443 1390 1474 omne

41 1508 301 1554 infaustum
327 1521 461 1552 omen
496 1521 522 1550 a
551 1504 697 1550 sacris
726 1511 1046 1562 removeatur;
1073 1504 1200 1551 abest
1231 1512 1389 1551 autem

40 1584 176 1647 longe
200 1583 258 1630 ab
278 1585 478 1629 Homero
520 1581 676 1627 omnis
705 1580 1033 1642 huju-cemodi
1074 1588 1244 1626 metus.
1269 1583 1387 1627 Tum

42 1662 175 1722 nigra
195 1676 316 1723 agna
334 1659 464 1705 Nocti
489 1666 533 1704 et
555 1660 738 1716 Terrae,
766 1673 908 1703 vacca
930 1658 1235 1720 Proserpinae
1268 1672 1391 1704 mac-

42 1744 200 1783 tantur
222 1755 234 1794 ;
275 1745 371 1783 tum
410 1735 462 1781 fit
503 1736 548 1780 in
593 1734 821 1780 honorem
861 1733 1072 1780 Plutonis
1115 1733 1202 1780 hoc
1242 1750 1389 1797 genus

41 1815 158 1860 sacri
186 1813 311 1877 quod
343 1813 666 1858 holocaustum
696 1820 900 1857 vocatur.
930 1813 1168 1866 Quantum
1197 1811 1316 1856 inter
1340 1827 1389 1858 se

43 1889 262 1937 differant
284 1892 492 1935 Romana
524 1887 690 1950 religio
722 1897 861 1949 atque
890 1887 972 1932 illa
1000 1888 1283 1933 Graecorum
1316 1888 1393 1934 he-

41 1966 186 2024 roica,
212 1970 308 2028 jam
335 1964 444 2012 inde
468 1963 685 2027 colligere
717 1964 841 2019 licet,
871 1980 1016 2026 quum
1041 1967 1273 2027 posterior
1298 1974 1392 2011 tam

42 2042 240 2105 simplex
267 2042 343 2099 sit,
374 2041 502 2104 prior
529 2056 636 2086 vero
662 2056 907 2103 nunquam
926 2041 1039 2086 satis
1064 2042 1223 2087 multis
1243 2058 1393 2088 caere-

43 2119 216 2165 moniis
249 2119 456 2165 functam
476 2133 574 2164 esse
605 2133 654 2163 se
678 2116 977 2163 arbitretur1.
1018 2118 1105 2163 Nec
1140 2126 1293 2164 tamen
1318 2135 1392 2165 sa-

41 2212 172 2243 crum
199 2195 505 2259 Virgilianum
532 2193 589 2241 ab
614 2194 855 2239 Homerico
894 2210 1087 2256 prorsus
1128 2192 1387 2258 discrepat3

41 2313 133 2354 ideo
153 2312 250 2368 quia
272 2311 357 2352 illic
380 2317 476 2351 sunt
504 2310 742 2350 Bauliae....
768 2309 882 2350 locus
905 2309 1095 2350 Herculis
1122 2309 1254 2349 dictus
1275 2310 1392 2363 quasi

43 2375 232 2422 Boaulia5
255 2370 364 2425 quod
385 2370 471 2410 illic
489 2370 633 2409 habuit
651 2369 854 2420 animalia,
882 2383 984 2423 quae
1006 2368 1183 2421 Geryoni
1214 2367 1391 2408 detracta

43 2445 89 2471 ex
105 2430 306 2485 Hispania
323 2429 542 2470 adduxerat
573 2447 611 2469 n.

100 2496 133 2530 l.
168 2508 188 2525 (ι
205 2489 433 2543 Simplicite
458 2488 528 2528 des
553 2487 768 2537 offrandes,
790 2485 1074 2540 complication
1100 2485 1154 2525 du
1177 2486 1313 2539 ritucl,
1336 2486 1392 2526 tel

43 2555 118 2600 est,
148 2549 261 2589 selon
291 2549 471 2598 Servius,
506 2547 542 2587 le
573 2549 771 2587 caractere
803 2545 850 2586 de
880 2545 917 2584 la
945 2545 1117 2598 religion
1149 2545 1329 2585 romainc
1351 2564 1388 2585 ».

42 2608 105 2648 Μ.
130 2606 264 2660 Breal,
287 2610 338 2648 les
365 2609 493 2647 Tabas
518 2609 756 2658 Euqubines,
781 2613 853 2644 art.
883 2604 930 2644 de
965 2604 1001 2644 la
1043 2607 1167 2645 Recito
1195 2607 1262 2644 cles
1282 2606 1393 2645 Deua:

46 2668 217 2717 Monch,
248 2673 294 2706 1'2'
318 2681 405 2705 nov.
438 2671 554 2706 1875.
