1758 2903
613 55 822 94 ...47-

43 142 315 191 simillimus
364 141 566 200 videtur,
609 143 689 190 sed
739 142 795 189 de
837 141 1047 206 ejusdem
1087 142 1172 189 viri
1218 141 1385 189 ceteris

41 235 222 267 armis:

413 333 600 387 interque
617 347 760 374 manus
780 340 817 373 et
836 333 1022 374 bracchia
1042 341 1174 375 versat

149 391 394 433 Terribilem
413 392 548 433 cristis
572 392 727 445 galeam
748 393 1012 446 flammasque
1034 399 1261 434 vomentem

148 450 451 505 Fatiferumque
475 464 628 504 ensem,
654 450 820 491 loricam
841 465 887 491 ex
907 465 996 491 aere
1019 451 1219 504 rigentem

151 509 440 563 Sanguineam,
460 508 685 562 ingentem,
709 508 842 563 qualis
865 522 992 563 quum
1012 509 1172 551 caerula
1191 509 1321 551 nubes

151 567 259 609 Solis
281 567 500 609 inardescit
518 567 643 608 radiis
665 567 866 622 longeque
890 566 1103 621 refulget&

45 758 130 803 Per
148 740 382 803 Maronem
403 762 522 801 certe
547 753 651 800 licet
669 754 830 801 audias
851 753 979 800 illam
996 754 1208 802 heroicae
1229 757 1390 802 aetatis

44 832 224 894 galeam
257 833 491 893 ἀμφίφαλον
523 839 603 883 aut
635 833 953 894 τετραφάληρον,
990 831 1171 894 exiguis
1209 831 1392 878 scilicet

44 907 218 970 clypeis
244 914 288 952 et
314 907 445 952 conis
467 904 683 968 pluribus
702 906 996 963 instructam,
1024 906 1178 952 cristis
1205 923 1391 971 quoque

44 982 324 1030 rubentibus
341 982 574 1046 insignem
583 998 596 1039 ;
627 981 734 1028 licet
753 997 960 1045 quoque,
988 982 1028 1028 si
1056 984 1120 1029 ita
1144 984 1387 1044 malueriS,

44 1058 200 1120 galeae
227 1057 458 1105 assimiles
487 1074 628 1121 quam
664 1058 957 1104 hastatorum
983 1057 1133 1105 fuisse
1163 1070 1391 1107 memorat

43 1133 266 1197 Polybius
307 1152 319 1180 ε
368 1136 435 1179 ἐπὶ
479 1130 524 1180 δε
568 1138 728 1187 τούτοις
771 1144 1182 1197 προσεπισκομοῦνται
1222 1137 1393 1199 πτερίνῳ

42 1213 225 1275 στεφάνῳ
248 1214 318 1257 καὶ
343 1218 503 1274 πτεροῖς
532 1214 739 1274 φοινικίοις
765 1212 790 1261 ἢ
821 1217 990 1274 μέλασιν
1021 1215 1143 1274 ὀρθοῖς
1167 1214 1315 1275 τρίσιν,
1342 1220 1394 1265 ὡς

44 1293 259 1350 πηχυαίοις
284 1291 332 1334 τὸ
372 1290 571 1351 μέγεθοςῖ
606 1289 817 1334 Loricam
851 1294 1024 1345 autem,
1052 1287 1235 1333 Aeneae
1263 1288 1389 1347 dico,

46 1362 168 1410 nihil
193 1362 388 1426 impedit
419 1363 535 1425 quin
567 1362 678 1409 huic
705 1363 884 1409 thoraci
917 1362 1204 1409 simillimam
1235 1371 1391 1426 putes,

44 1455 243 1503 quorum
262 1448 366 1486 <tres
401 1448 558 1502 partes
584 1443 728 1492 στατὸς
758 1437 902 1502 θώρηξ,
939 1438 1056 1501 ζῶμα
1082 1448 1221 1502 atque
1250 1440 1390 1504 μίτρη,

45 1523 92 1565 et
122 1524 398 1564 ornamenta
425 1515 518 1562 alia
554 1531 609 1562 ex
641 1531 775 1573 auro,
804 1531 859 1562 ex
893 1523 1061 1562 stanno
1093 1516 1182 1562 alia
1213 1524 1293 1563 aut
1317 1532 1392 1562 ar-

46 1601 185 1657 gento
220 1600 561 1651 memorantur;
601 1591 680 1638 sed
718 1591 836 1637 nihil
869 1607 1058 1655 quoque
1089 1591 1239 1638 obstat
1277 1593 1393 1655 quin

46 1671 201 1733 potius
242 1670 299 1716 de
337 1669 480 1715 lorica
515 1667 666 1715 hamis
705 1678 934 1725 conserta,
979 1667 1104 1730 apud
1148 1668 1393 1731 Virgilium

46 1745 164 1792 alias
192 1745 345 1791 fusius
377 1744 629 1807 descripta,
658 1752 741 1790 aut
774 1744 828 1790 de
856 1744 938 1790 illo
961 1744 1147 1791 thorace
1174 1761 1279 1791 vere
1306 1747 1393 1792 Ro-

48 1837 188 1868 mano
210 1821 292 1884 qui
314 1820 360 1866 in
382 1819 612 1867 columnis
635 1821 839 1882 antiquis
868 1820 1073 1883 conspici
1107 1819 1238 1880 solet,
1263 1821 1303 1867 si
1328 1822 1395 1868 ita

47 1897 230 1954 libebit,
250 1896 441 1960 cogites.
469 1895 709 1943 Lerschius
730 1895 924 1958 quidem
946 1895 1182 1943 contendit
1200 1896 1394 1944 loricam

47 1990 100 2022 eo
120 1989 148 2020 a
162 1972 350 2020 thorace
366 1971 552 2019 differre
576 1971 702 2033 quod
719 1971 804 2018 illa
824 1987 1012 2034 semper
1030 1972 1188 2035 parvis
1208 1972 1393 2020 laminis

47 2049 123 2098 vel
135 2049 292 2097 anulis
313 2049 371 2097 sit
390 2064 616 2106 connexa,
639 2048 716 2095 hic
738 2049 915 2111 integro
934 2047 1122 2096 metallo
1146 2050 1207 2096 sit
1234 2049 1389 2109 fusus;

106 2259 141 2293 1.
171 2254 266 2294 Aen.
291 2250 407 2305 VIII,
432 2255 524 2292 619.

102 2316 142 2351 2.
172 2309 384 2363 Polybius,
409 2310 480 2361 VI,
501 2315 566 2362 23,
593 2315 654 2360 12,
676 2309 864 2350 laudatus
887 2323 910 2349 a
927 2308 1136 2360 Lerschio‚
1163 2311 1296 2360 Antiq.
1328 2322 1396 2350 ro-

48 2382 160 2410 man.
182 2369 212 2421 S
230 2374 294 2419 3-2,
320 2368 392 2423 qui
409 2368 507 2408 haec
526 2367 688 2422 Polybii
704 2367 826 2408 verba
845 2367 896 2408 ad
919 2368 1074 2421 galeam
1097 2367 1228 2407 Turni
1245 2367 1398 2422 triplici

46 2427 147 2482 juba
163 2427 348 2468 crinitam
369 2425 510 2467 referri
532 2440 651 2480 posse
672 2425 813 2467 credit.
836 2427 891 2467 At
913 2425 1022 2480 quod
1053 2440 1248 2466 numerus
1272 2426 1398 2480 juba-

51 2499 142 2526 rum
164 2485 352 2540 quadrat,
373 2498 494 2525 causa
508 2491 613 2524 certe
636 2484 737 2524 levis
763 2491 823 2525 est
846 2498 917 2525 cur
938 2484 986 2524 de
1006 2484 1256 2524 hastatorum
1280 2483 1397 2537 galea

51 2543 217 2597 cogiteS‚
239 2543 473 2597 praesertim
493 2555 621 2596 quum
641 2542 713 2583 illa
735 2543 867 2583 Turni
894 2543 1008 2596 galea
1039 2542 1241 2583 chimaera
1272 2557 1394 2583 orne-

50 2608 131 2655 tur,
154 2602 267 2644 nulla
289 2615 380 2644 vero
404 2600 592 2642 animalis
613 2600 742 2643 forma
762 2600 1013 2642 hastatorum
1035 2600 1186 2654 galeae.
