1758 2903
685 96 897 130 ..41-

117 196 214 240 cos,
246 189 295 227 ut
331 179 469 226 etiam
496 194 548 224 ex
574 180 771 225 Homero
797 186 940 243 patet,
971 183 1165 226 omnino
1194 177 1463 226 sordebant.

115 259 208 304 Avi
231 272 386 303 nomen
420 254 543 318 apud
572 257 805 303 Romanos
835 257 1019 319 saepius
1056 256 1213 319 nepoti
1249 255 1465 315 dabatur,

115 336 197 383 sed
213 336 318 399 ipso
336 335 554 383 Lersehio
571 335 759 394 fatente,
778 336 889 383 haec
906 335 1194 383 consuetudo
1209 337 1256 382 in
1273 338 1466 383 Graecia

113 427 299 474 quoque
319 410 539 473 vigebat¹.
575 412 751 458 Infame
779 419 877 458 erat
904 414 1077 458 Romae
1100 428 1146 458 se
1173 413 1464 472 suspendere,-

112 487 193 535 sed
226 496 269 535 et
300 487 424 552 apud
463 489 679 546 GraeCOS,
717 488 854 534 etiam
886 487 1068 550 Ulyssis
1103 490 1237 534 aevo'
1264 509 1286 531 (ι
1306 489 1461 535 Unus-

113 564 331 628 quisque,
356 565 419 611 ait
439 564 722 622 Lersehius³‚
747 565 828 626 qui
852 566 1044 611 Romani
1065 564 1181 626 Juris
1207 564 1461 611 institutio-

110 656 226 688 num
265 657 358 687 non
388 641 583 688 omnino
618 648 688 686 est
726 640 931 698 nescius,
968 656 1061 686 non
1104 641 1288 702 ignorat
1317 642 1458 687 dotem

109 717 290 763 maritis
327 716 384 763 ab
411 732 606 763 uxorum
635 715 850 778 patribus
872 715 992 762 dari.
1019 719 1138 763 Juno
1159 715 1217 762 ad
1236 717 1457 763 Venerem

108 791 165 838 de
190 791 369 839 Didone
394 794 571 838 Aeneae
600 790 824 848 nubente,
849 792 925 849 lv,
955 793 1046 838 403
1075 808 1086 837 :

504 893 642 934 Liceat
661 893 842 947 Phrygio
866 892 1014 934 servire
1045 893 1190 934 marito

263 952 510 1007 Dotalesque
529 959 622 992 tuae
646 951 791 1005 Tyrios
808 951 1042 1006 permittere
1064 951 1239 993 dextrae.

103 1054 226 1116 Tyrii
248 1054 393 1116 igitur
414 1055 507 1100 sint
527 1053 612 1100 dos
630 1055 811 1101 Aeneae
831 1053 904 1101 vel
930 1058 1032 1118 eJus
1060 1055 1194 1101 matri
1222 1071 1247 1101 a
1278 1053 1453 1102 Didone

102 1130 172 1176 vel
208 1130 351 1177 tutela
380 1135 498 1193 eJus‚
523 1133 722 1189 Junone,
751 1129 919 1176 danda.
961 1132 1051 1176 Dos
1078 1131 1224 1192 igitur
1258 1129 1395 1177 datur
1429 1148 1455 1177 a

101 1206 297 1253 muliere
324 1207 491 1254 marito
517 1223 573 1253 ex
597 1222 725 1253 more
748 1209 955 1253 Romano
972 1226 1017 1252 ».
1039 1207 1125 1253 Sed
1148 1223 1238 1252 non
1268 1209 1330 1255 ita
1352 1224 1452 1255 mos

101 1283 179 1330 ille
216 1285 437 1331 Romanis
493 1284 717 1348 proprius
756 1292 808 1329 ut
847 1299 941 1329 non
993 1282 1200 1346 aliquem
1244 1284 1449 1331 similem

101 1360 379 1407 Graecorum
405 1362 657 1422 scriptores
679 1359 927 1406 exhibeant
943 1378 952 1405 :
968 1364 1064 1423 jam
1090 1362 1339 1414 Homerus,
1359 1376 1450 1407 non

102 1443 281 1483 tantum
307 1435 407 1482 ἕδνα
434 1437 582 1495 novit,
609 1435 805 1500 quibuS,
830 1446 882 1483 ut
910 1436 973 1482 ita
996 1436 1172 1492 dicam,
1205 1437 1399 1483 maritus
1425 1453 1452 1483 a

98 1519 230 1575 patre
258 1528 449 1560 uxorem
481 1520 667 1570 emeret,
706 1511 786 1559 sed
815 1515 953 1576 μείλια
985 1520 1063 1558 aut
1084 1515 1311 1576 ἐπιμείλια,
1335 1528 1451 1575 quae

97 1590 233 1652 quasi
251 1589 336 1637 dos
361 1597 500 1636 erata
524 1598 651 1652 patre
663 1589 787 1636 filiae
802 1589 993 1636 nubenti
1015 1589 1162 1636 data‘.
1191 1588 1314 1636 Audi
1338 1605 1449 1635 vero

96 1673 256 1728 postea
308 1665 512 1713 Medeam
568 1665 848 1712 feminarum
890 1666 1004 1712 sorti
1051 1666 1440 1727 ingemiscentem

108 1741 271 1805 quibus
296 1743 493 1790 maritus
512 1744 665 1807 pretio
690 1745 753 1788 sit
777 1741 1149 1805 comparandus:

252 1851 418 1897 γυναῖκες
434 1849 539 1898 ἐσμεν
563 1847 778 1886 ἀθλιώτατον
801 1849 907 1898 φυτόν

253 1905 294 1948 ἃς
315 1908 439 1959 πρῶτα
462 1904 525 1955 μὲν
548 1906 604 1944 δεῖ
627 1908 825 1958 χρημάτων
848 1906 1022 1960 ὑπερὸολῇ

251 1967 356 2004 πόσιν
377 1965 581 2016 πρίασθαιῦ.

91 2063 192 2109 Jam
218 2060 258 2107 si
277 2060 393 2107 haee
417 2061 464 2107 in
487 2059 690 2122 quadam
723 2059 960 2124 tragoedia
991 2059 1137 2107 latina
1166 2059 1439 2124 legerentur,

90 2139 297 2185 Romana
337 2153 438 2184 esse
481 2137 646 2184 eodem
684 2139 775 2184 fere
808 2142 913 2202 Jure
953 2154 1046 2201 quo
1086 2138 1336 2184 Lerschius
1387 2136 1444 2184 de

149 2295 164 2330 1
215 2288 274 2330 Cf.
294 2288 436 2343 Eurip.
463 2287 678 2328 Phoeniss.
719 2293 793 2328 769
822 2287 945 2340 ζἜγὼ
963 2288 998 2327 δὲ
1018 2288 1127 2326 παῖδα
1149 2287 1206 2326 σὺν
1231 2287 1238 2340 Ι
1262 2287 1439 2326 Μενοικέα

89 2352 153 2389 σοῦ
169 2350 298 2400 πατρὸς
322 2348 568 2396 αὐτεπώνυμον
595 2347 600 2399 Ι
626 2347 778 2387 λαὸόντα
799 2347 932 2400 πέμψω
953 2348 1050 2399 δεῦρο
1079 2346 1282 2397 Τειρεσίαν,
1307 2346 1436 2398 Κρέον.

143 2412 182 2447 2.
214 2407 284 2446 Od.
310 2407 441 2458 XXII,
464 2411 541 2446 462
566 2419 573 2446 ζ
597 2409 636 2444 οὐ
660 2406 811 2458 καθαρὸν
838 2408 982 2445 θάνατον
1009 2404 1276 2445 Telemachus
1308 2411 1434 2445 vocat.

89 2465 149 2508 Cf.
163 2464 336 2505 Eustath
352 2477 360 2504 ζ
374 2467 524 2518 καθαρὸς
545 2465 688 2508 θανάτος
707 2467 725 2503 ὁ
743 2466 799 2504 διὰ
814 2463 941 2518 ξίφους,
957 2465 1078 2518 μιαρὸς
1095 2463 1130 2503 δὲ
1144 2467 1162 2503 ὁ
1185 2466 1436 2517 ἀγχονιμαῖος,

142 2531 180 2566 3.
211 2526 278 2573 L.‚
303 2526 435 2574 Anciq.
463 2526 588 2571 Rom,
610 2529 653 2561 11⁰
678 2528 741 2563 76.

142 2589 180 2624 4.
211 2585 257 2624 Il.
281 2584 352 2634 IX,
384 2588 471 2624 147.
506 2581 564 2623 Cf.
590 2582 723 2634 XXII,
745 2587 808 2624 51.

144 2648 177 2686 5.
210 2642 338 2697 Eurip
362 2674 372 2691 ,
401 2643 540 2690 iiledca,
567 2646 657 2682 231.
