1758 2903
834 157 1073 193 —140—

343 242 480 299 Quod
530 240 585 288 ad
635 240 828 288 modum
879 241 1136 304 proeliandi
1188 242 1370 301 attinet,
1411 243 1628 292 eumdem
1699 227 1705 233 ⁴

279 318 402 382 apud
436 325 621 380 poetam
648 326 903 381 utrumque
941 325 1064 366 recte
1098 317 1289 366 dixeris.
1319 321 1452 367 Stant
1475 321 1628 368 utrin-

277 408 369 455 que
399 393 522 439 acies
555 400 600 440 et
634 392 782 439 hastis
827 409 924 440 rem
967 395 1298 452 committunt3
1343 396 1630 443 fortissimus

278 470 479 532 quisque
499 470 546 515 in
569 470 719 532 prima
740 470 969 516 exercitus
1000 469 1146 517 fronte
1174 487 1223 517 se
1258 472 1372 533 agit3
1400 473 1631 535 προμάχους

280 546 360 608 qui
381 545 607 593 dicuntur
640 548 765 593 Maro
797 562 984 610 quoque
1015 546 1132 594 solet
1173 548 1364 595 nomine
1401 549 1584 611 signare
1613 557 1625 590 :

385 655 582 696 Protinus
604 657 809 697 Antaeum
830 662 871 697 et
888 657 1058 708 Lucam,
1081 656 1215 710 prima
1237 657 1403 711 agmina
1419 657 1550 698 Turni

383 720 686 774 Persequitur¹.

277 825 326 868 ln
342 821 546 869 medium
561 820 795 885 prodeunt
807 821 970 870 heroes
981 821 1231 884 etaliquem
1242 823 1398 869 virum
1407 829 1632 885 quaerunt

277 898 468 960 quicum
485 896 845 962 congrediantur
859 916 869 955 3
887 899 1095 946 oratione
1110 899 1322 963 longiore
1333 899 1455 962 apud
1469 901 1632 946 Home-

281 990 406 1034 rum,
445 973 568 1037 apud
602 973 859 1037 Virgilium
886 975 1098 1022 breviore
1135 991 1320 1038 pugnae
1340 974 1627 1039 proludunt3

285 1066 424 1114 saepe
460 1051 489 1096 ii
533 1051 616 1113 qui
654 1051 702 1096 in
737 1050 1008 1098 validiorem
1050 1051 1257 1114 aliquem
1287 1051 1502 1113 delapsos
1531 1068 1633 1099 esse

277 1143 328 1174 se
350 1128 577 1184 sentiunt,
597 1135 795 1173 mortem
819 1126 1154 1190 deprecantur-3
1173 1137 1282 1176 sunt
1305 1129 1556 1193 quaedam,
1577 1139 1631 1176 ut

276 1211 414 1268 poeta
445 1203 679 1266 eleganter
707 1204 788 1262 ait,
826 1204 936 1250 belli
968 1205 1245 1252 commercia
1265 1209 1307 1265 ²5
1346 1206 1491 1252 vietor
1527 1222 1630 1270 spo-

277 1280 357 1327 liat
378 1281 556 1327 hostem
573 1286 791 1338 stratum,
810 1280 1065 1344 aliquando
1081 1289 1125 1328 et
1139 1281 1632 1330 contumelioseincre-

277 1365 374 1421 pat,
399 1356 640 1404 interdum
664 1357 803 1404 etiam
824 1357 940 1421 pede
967 1358 1138 1420 premit
1165 1357 1199 1418 ⁸,
1234 1374 1408 1422 corpus
1433 1357 1631 1406 detrun-

277 1443 350 1481 cat
390 1442 435 1481 et
471 1442 610 1496 caput
642 1433 882 1481 abscisum
917 1435 1074 1482 currui
1101 1451 1185 1482 suo
1211 1435 1359 1498 affigit
1375 1437 1407 1482 ⁴.
1436 1435 1631 1484 Nullum

276 1511 458 1558 circum
497 1526 694 1573 corpora
736 1520 970 1558 certamen
1003 1511 1128 1572 apud
1171 1512 1442 1575 Virgilium,
1463 1513 1544 1560 sed
1577 1520 1632 1560 ut

274 1586 509 1650 intelligas
522 1586 610 1633 hoc
635 1603 783 1650 genus
808 1603 990 1650 pugnae
1014 1604 1108 1634 non
1134 1587 1279 1636 fuisse
1314 1588 1370 1637 de
1398 1589 1632 1637 industria

275 1680 303 1711 a
329 1672 461 1727 poeta
484 1664 737 1717 omissum,
761 1663 922 1711 audire
944 1672 1071 1726 potes
1097 1666 1310 1712 Turnum
1337 1667 1630 1729 jactitantem

276 1757 504 1803 secorpus
514 1739 737 1786 Pallantis
748 1740 963 1786 Evandro
979 1740 1172 1788 libenter
1187 1742 1495 1790 remissurum
1504 1759 1624 1802 esse;

278 1817 391 1864 adeo
427 1817 701 1880 plerumque
744 1815 975 1863 curabant
1007 1825 1058 1863 ut
1090 1817 1240 1865 hostis
1273 1819 1521 1882 sepultura
1548 1835 1629 1867 ca-

277 1895 456 1952 reret-⁵3
482 1893 593 1940 inde
607 1893 842 1956 conjicere
867 1894 1186 1954 potescircum
1202 1894 1427 1943 cadavera
1440 1912 1630 1960 quoque

278 1971 468 2033 saepius
499 1979 727 2017 certatum
768 1971 934 2017 fuisse.
974 1973 1072 2018 Jam
1117 1972 1354 2036 armigeri,
1388 1976 1469 2035 qui
1503 1973 1657 2036 apud·-

278 2045 523 2092 homerum
549 2049 780 2109 Θερσίποντες
798 2047 1038 2105 dicuntur,
1058 2047 1280 2095 heroibus
1296 2048 1630 2097 dimicantibus
1685 2095 1692 2098 Α

278 2122 327 2168 in
352 2121 554 2168 Aeneide
573 2138 756 2184 quoque
783 2121 956 2168 adsunt
978 2140 990 2177 ;
1011 2139 1103 2184 quo
1134 2139 1325 2170 munere
1351 2124 1631 2187 funguntur,

279 2206 333 2246 ut
355 2199 403 2244 in
422 2198 582 2257 Iliade,
610 2214 703 2244 non
724 2206 905 2245 tantum
926 2199 1113 2257 famuli,
1131 2200 1208 2247 sed
1234 2209 1278 2246 et
1296 2200 1459 2248 fratres
1476 2217 1631 2248 neces-

278 2275 446 2322 sariive
470 2276 502 2319 ⁶.
539 2275 574 2320 li
601 2284 757 2321 autem
786 2275 1007 2338 armigeri
1037 2284 1082 2322 et
1116 2292 1224 2345 cum
1252 2276 1469 2325 heroibus
1510 2277 1629 2325 ami-

337 2415 371 2450 1.
403 2410 460 2461 X,
486 2414 576 2450 561.

333 2473 371 2509 2.
401 2469 454 2521 X,
477 2473 567 2508 532.

333 2531 371 2566 3.
402 2528 497 2567 Aen.
516 2527 568 2576 X,
593 2531 685 2577 495,
711 2531 800 2566 536.

334 2590 370 2624 [ι.
403 2585 631 2637 Ibid.,XII‚
658 2589 747 2624 511.

335 2650 370 2684 5.
403 2646 496 2685 Aen.
523 2645 575 2694 X,
600 2648 690 2684 491.

333 2707 370 2743 e,
404 2707 494 2743 Am.
517 2704 567 2754 Χ,
589 2707 677 2743 328.
708 2704 750 2746 [ι.
779 2704 849 2754 XI,
877 2709 961 2742 122.
