1758 2903
638 137 852 174 -71-

73 238 216 286 quam
244 221 322 269 hic
355 221 497 269 Ennii
533 236 699 268 versus
728 223 855 269 Maro
884 220 1014 285 sequi
1042 219 1231 269 videtur
1255 224 1294 283 ¹3
1340 221 1418 269 sed

72 300 252 347 Ennius
291 299 394 362 ipse
429 314 514 361 pro
538 298 792 357 imitatore,
835 306 888 346 ut
925 315 1020 345 non
1043 298 1240 346 fortasse
1279 299 1422 346 unius

73 374 321 439 quusdam
360 374 660 437 potissimum
687 373 797 432 loci,
835 374 902 421 ita
932 381 1053 422 certe
1080 378 1200 438 ejus,
1243 374 1299 422 de
1327 391 1423 439 qua

71 466 227 498 sermo
251 459 336 509 est,
360 450 643 513 tragicorum
665 450 883 509 rationis,
907 449 1066 497 haberi
1088 458 1132 497 et
1148 451 1250 513 ipse
1264 451 1415 498 debet.

134 528 325 587 Nuptias
349 528 555 574 Romano
575 542 701 573 more
722 526 980 573 celebratas
1004 526 1050 572 in
1066 525 1270 573 Aeneide
1291 529 1421 575 Lers-

69 600 208 648 chius
237 600 562 664 deprehendit.
594 601 884 649 Eximendus
919 610 1040 649 certe
1076 602 1205 650 locus
1234 602 1313 650 hic
1364 603 1419 650 de

71 681 238 726 Amata
265 695 275 723 z

178 794 274 848 Ipsa
299 795 406 835 inter
425 794 581 834 medias
604 794 843 847 flagrantem
865 792 1017 833 fervida
1040 794 1184 848 pinum

178 858 363 900 Sustinet
383 866 422 899 et
444 859 576 899 Turni
602 866 799 912 nataeque
819 858 927 898 canit
947 857 1192 912 hymenaeos
1204 861 1233 901 ².

69 965 482 1031 Haudaliterapud
494 966 765 1029 Euripidem
779 965 1008 1012 matresin
1023 966 1203 1028 nuptiis
1217 965 1420 1012 filiarum

69 1041 285 1106 δαδουχεῖν
308 1042 570 1090 dicuntur³.
591 1043 673 1089 Hic
696 1058 804 1105 ergo
821 1041 1042 1105 Virgilius
1065 1043 1282 1089 Graecam
1308 1059 1419 1089 con-

69 1121 387 1178 suetudinem,
434 1120 546 1166 dum
591 1127 774 1182 poetam
818 1120 1048 1183 tragicum
1092 1120 1319 1182 sequitur,
1360 1119 1419 1167 ad

69 1197 281 1244 Latinam
301 1197 533 1260 feminamj
557 1197 791 1243 transfert.

134 1273 284 1328 Quam
330 1271 531 1319 multum
572 1273 693 1319 inter
722 1287 865 1318 naves
898 1272 1169 1319 Homericas
1206 1272 1419 1336 Virgilia-

69 1365 249 1413 nasque
277 1350 461 1396 intersit
485 1350 534 1395 in
550 1356 766 1412 promptu
785 1356 853 1395 est
871 1347 1047 1395 videre.
1074 1347 1215 1411 Apud
1232 1357 1420 1412 poetam

70 1428 297 1474 Graecum
333 1425 466 1472 nulla
505 1424 562 1472 de
593 1440 830 1472 remorum
861 1424 1110 1473 ordinibus
1138 1424 1190 1471 fit
1215 1425 1414 1482 mentio;

69 1501 193 1549 unde
225 1502 452 1565 conjicere
477 1500 588 1548 licet
612 1501 820 1565 Trojanis
850 1500 1145 1563 temporibus
1183 1502 1418 1549 uniremes

67 1586 249 1625 tantum
275 1578 436 1625 fuisse.
454 1577 633 1624 Classis
649 1586 806 1624 autem
828 1580 1009 1624 Aeneae
1023 1587 1068 1624 et
1093 1577 1355 1625 biremibus
1375 1587 1420 1625 et

68 1653 340 1702 triremibus
362 1661 559 1701 constat.
582 1654 809 1702 Videntur
824 1669 961 1699 naves
979 1655 1253 1701 Homericae
1281 1654 1412 1701 nullo

68 1732 266 1778 nomine
291 1729 538 1778 distinctae
569 1730 746 1789 fuisse3
783 1730 888 1793 quis
920 1738 1074 1777 autem
1108 1738 1152 1777 et
1174 1731 1344 1777 Pristin
1375 1738 1420 1777 et

67 1807 362 1856 Chimaeram
385 1815 430 1854 et
449 1806 624 1870 Syllam
654 1822 797 1854 naves
819 1807 866 1852 in
895 1806 1098 1854 Aeneide
1133 1816 1414 1854 memoratas

69 1881 286 1946 ignorat?
312 1879 447 1944 Apud
467 1882 738 1940 Homerum,
762 1895 848 1927 nec
862 1887 1024 1939 rostra,
1046 1895 1130 1927 nec
1154 1881 1313 1927 tutelae
1335 1896 1419 1928 nec

125 2077 160 2116 1.
362 2072 395 2113 O
419 2078 547 2126 pater,
570 2085 592 2112 o
612 2069 758 2126 patria,
784 2085 806 2111 o
825 2070 981 2111 Priami
1007 2070 1167 2121 domus,

361 2132 556 2185 Saeptum
579 2129 651 2170 alti
674 2144 773 2170 sono
793 2130 954 2170 cardine
971 2129 1189 2183 templum!

358 2190 454 2232 Vidj
474 2203 547 2243 ego
567 2196 606 2230 te
630 2195 786 2229 astante
804 2203 878 2244 ope
898 2191 1109 2230 barbarica

359 2248 494 2289 Tectis
518 2250 676 2290 caelatis
696 2249 909 2297 lacunatis,

358 2309 468 2348 Auro
492 2306 611 2348 ebore
628 2307 868 2347 instructam
892 2306 1070 2360 regifice,

67 2391 126 2433 Cf.
152 2392 213 2432 Μ.
237 2391 372 2437 patin,
392 2385 531 2433 Etudes
553 2404 624 2432 sur
642 2392 681 2432 la
698 2393 824 2443 poesie
847 2393 979 2442 latine,
1001 2391 1056 2443 Π,
1075 2404 1116 2444 p.
1146 2395 1234 2431 129

121 2457 161 2491 2.
190 2453 286 2491 Aen.
309 2451 402 2503 VH
430 2456 521 2493 397.

121 2515 159 2549 3.
193 2507 253 2551 Cf.
271 2485 413 2564 Eurip.
423 2541 433 2560 ‚
461 2512 602 2552 Troad.
629 2515 703 2550 515
730 2516 768 2549 et
791 2507 1416 2559 Schol.ad11unclocum31ph.

67 2570 110 2607 in
143 2569 232 2608 Aul.
259 2571 354 2617 7323
388 2571 535 2620 Medea,
577 2574 692 2609 1026.
725 2567 885 2608 Plinius
917 2566 1097 2606 tabulam
1123 2566 1305 2606 Aetionis
1338 2580 1418 2620 qua

70 2639 172 2666 anus
192 2639 335 2666 novam
358 2634 526 2681 nuptam
550 2626 812 2669 antecedebat
834 2626 960 2667 facem
993 2624 1238 2680 praeferens,
1265 2624 1418 2666 descri-

69 2684 132 2727 bit
151 2685 210 2738 (H.
234 2688 282 2726 N.
311 2690 376 2737 35,
402 2691 465 2734 10,
485 2688 566 2739 30).
