1758 2903
348 248 545 295 dicatur.
576 244 662 292 Sed
687 242 866 291 scholia
888 244 1173 292 Veronensia
1201 260 1283 292 nos
1306 245 1474 293 docent
1493 245 1576 293 has
1595 249 1698 310 jam

349 322 569 387 Aegionis
584 328 738 385 part-es
754 320 879 383 apud
894 321 1226 368 Antimachum
1246 323 1406 369 fuisse.
1430 321 1554 379 Quid
1572 322 1699 387 quod

349 401 545 446 Aurorae
579 413 771 444 currum
801 397 893 444 duo
933 407 1115 445 tantum
1146 399 1275 461 equi,
1307 400 1495 461 Lampos
1528 400 1701 449 scilicet

348 492 400 523 ac
425 479 622 522 Plzaelon
647 476 696 521 in
721 473 927 536 Odyssea
946 474 1148 531 trahant,
1175 474 1421 539 quadrigis
1440 477 1587 523 'roseis
1615 476 1700 524 dea

351 556 398 599 in
435 551 640 599 Aeneide
673 550 890 598 insidat?
916 553 1045 598 Hanc
1073 551 1279 598 vehiculi
1308 553 1701 616 magnificentiam

349 629 595 692 Euripides
621 628 995 691 excogitaverat¹.
1023 629 1124 675 Una
1147 627 1272 691 apud
1290 630 1542 676 Homerum
1557 630 1701 678 Furia

350 707 571 764 occurrit,
598 720 682 751 nec
708 720 760 751 ea
783 715 972 767 aspectu
995 694 1267 751 foedissima
1294 704 1492 765 dicitur3
1520 713 1701 755 tantum

351 799 454 829 eam
476 780 732 828 insatiabili
760 797 863 828 esse
888 782 1048 828 animo
1074 789 1118 828 et
1144 796 1228 844 per
1253 797 1358 828 aera
1382 783 1540 846 vagari
1568 791 1704 846 poeta

351 862 557 906 narrat2.
579 857 718 920 Apud
739 857 983 921 Virgilium
1009 858 1165 904 omnia
1188 858 1234 904 in
1261 857 1535 922 effingendis
1551 860 1703 908 Furiis

351 936 410 983 ad
443 943 665 982 terrorem
702 936 960 997 composita
993 951 1004 982 z
1042 934 1184 981 Alecto
1218 935 1267 981 in
1301 935 1441 982 facies
1475 951 1523 983 se
1562 937 1705 983 innu-

353 1012 602 1060 merabiles
624 1011 863 1069 convertit,
885 1011 999 1058 alias
1019 1010 1124 1057 aliis
1145 1011 1352 1058 tetriores
1378 1011 1682 1060 terribiliores

353 1104 465 1152 que3
496 1088 702 1136 colubris
732 1087 892 1134 horret
921 1094 1016 1134 tota
1027 1103 1040 1146 3
1075 1089 1310 1148 Tisiphone
1344 1104 1454 1135 vero
1485 1095 1705 1137 nocentes

352 1164 535 1212 facibus
555 1172 692 1227 atque
712 1165 813 1228 ipso
832 1165 959 1211 vocis
982 1180 1098 1211 sono
1118 1172 1336 1212 exterret.
1352 1167 1444 1212 Hae
1458 1166 1624 1214 Furiae
1643 1167 1704 1214 iis

353 1253 464 1289 sane
484 1258 576 1288 non
597 1232 840 1288 absimiles
856 1256 994 1304 quas,
1011 1240 1211 1288 Athenis
1230 1241 1279 1287 in
1302 1240 1478 1289 theatro
1501 1242 1704 1290 feminae

353 1318 572 1383 gravidae
593 1334 702 1365 cum
725 1317 799 1365 sui
822 1325 867 1365 et
885 1325 1048 1381 partus
1068 1317 1278 1382 periculo
1297 1317 1594 1368 horrebant⁸.

416 1505 450 1540 1.
480 1497 656 1551 Friedr.‚
681 1500 750 1540 Die
768 1500 940 1552 Baalim,
960 1511 1004 1553 p.
1025 1503 1119 1540 665.

412 1564 452 1600 2.
482 1560 532 1599 Il.
554 1559 628 1611 IX,
656 1564 747 1600 571.

410 1624 449 1660 3.
480 1618 572 1658 Huc
585 1631 761 1672 quoque,
780 1616 816 1657 si
836 1615 956 1657 fidem
969 1614 1181 1658 Macrobio
1203 1615 1414 1666 adhibeas,
1427 1617 1629 1672 pertinere
1643 1619 1709 1660 vi-

353 1675 560 1718 debuntur
578 1690 719 1716 versus
738 1689 746 1716 :

488 1758 705 1798 Excessere
729 1770 869 1797 omnes
893 1756 1024 1810 adytis
1048 1756 1210 1811 arisque
1232 1756 1385 1798 relictis

488 1817 542 1857 Di
563 1816 715 1870 quibus
730 1815 950 1870 imperium
971 1815 1048 1856 hoc
1068 1822 1300 1857 steterat....
1363 1816 1436 1871 (Π,
1460 1818 1569 1871 351.)

358 1917 378 1935 c<
398 1900 483 1940 Hoc
514 1899 622 1939 unde
650 1898 853 1952 Virgilius
877 1897 1046 1945 duxerit,
1069 1897 1205 1953 inquit
1228 1899 1532 1952 grammaticus,
1563 1900 1705 1942 nullus

356 1957 550 2012 inquirit;
583 1957 655 1998 sed
680 1963 838 1999 constat
870 1957 989 1997 illum
1010 1957 1058 1997 de
1080 1957 1278 2012 Euripide
1297 1958 1467 2000 traxisse
1489 1959 1560 2014 qui
1582 1959 1626 2000 in
1643 1959 1707 2000 fa·
1757 1966 1758 2014 l

355 2017 452 2057 bula
476 2016 706 2057 Troadibus
726 2016 886 2057 inducit
906 2015 1143 2070 Apollinem
1172 2017 1446 2071 [Neptunum]
1471 2031 1563 2059 cum
1582 2019 1707 2074 Troja

356 2075 553 2130 capienda
572 2083 693 2128 esset,
714 2076 794 2116 ista
813 2075 1014 2115 dicentem
1036 2076 1233 2127 (Troades,
1251 2078 1339 2130 23):

630 2159 726 2211 Ἐγὼ
749 2160 785 2198 δὲ
809 2159 976 2212 (νικῶμαι
997 2159 1065 2211 γὰρ
1083 2157 1238 2212 Ἀργείας
1261 2162 1340 2198 Θεοῦ

622 2214 740 2270 εἨρειις
770 2217 910 2261 Ἀθάνας
931 2218 959 2255 0’
978 2219 1012 2255 αἱ
1036 2217 1225 2261 συνεξεῖλον
1251 2217 1413 2271 Φρύγας)

626 2278 736 2317 λείπω
754 2277 794 2314 τὸ
812 2276 947 2314 κλεινὸν
962 2275 1071 2314 Ἴλιον
1093 2275 1231 2327 βωμούς
1251 2276 1283 2315 τ’
1298 2277 1421 2328 ἐμούς.

358 2362 521 2404 Servius
541 2374 632 2401 vero
654 2360 728 2400 hos
745 2372 884 2399 versus
905 2357 955 2398 ad
971 2359 1196 2398 Romanam
1217 2358 1552 2414 superstitionem
1567 2358 1704 2402 refert.

361 2441 377 2456 «ι
397 2425 610 2471 Εωεσεεω·ε;
626 2419 722 2473 quia
740 2425 832 2458 ante
856 2417 1197 2472 expugnationem
1217 2419 1487 2459 evocabantur
1510 2418 1561 2459 ab
1574 2418 1707 2460 hosti-

357 2479 434 2520 bus
473 2479 656 2529 numina,
700 2484 864 2532 propter
899 2475 1065 2516 vitanda
1109 2476 1321 2531 sacrilegia
1339 2496 1379 2519 a».
1419 2477 1606 2518 Arduum
1646 2484 1708 2518 est

357 2538 522 2591 quidem
553 2537 773 2591 dijudicare
801 2542 906 2585 uter,
931 2534 1221 2576 Macrobiusne
1244 2549 1296 2576 an
1318 2535 1484 2576 Servius
1505 2535 1669 2576 fallatur
1692 2552 1701 2578 :

359 2598 465 2636 Haec
488 2610 577 2636 vero
608 2595 681 2636 toti
706 2593 942 2648 antiquitati
980 2594 1208 2633 communis
1236 2594 1366 2635 videri
1387 2600 1522 2650 potest
1551 2594 1703 2649 opinio,

358 2669 440 2695 non
461 2669 579 2710 posse
595 2654 736 2694 urbem
752 2653 841 2707 capi
861 2651 941 2692 nisi
965 2651 1033 2691 Dii
1056 2666 1229 2706 quorum
1251 2653 1398 2695 tutelae
1413 2660 1521 2695 esset
1539 2653 1706 2706 credita,

359 2714 409 2755 ab
440 2728 485 2755 ea
522 2713 823 2768 migravissent3
859 2725 931 2752 nec
959 2724 1022 2751 res
1062 2710 1160 2753 adeo
1198 2713 1302 2754 mira
1331 2720 1392 2754 est
1419 2726 1547 2768 quum
1575 2713 1707 2754 nostri
