1758 2903
680 111 892 148 -31-

175 196 303 244 Hanc
330 205 484 244 autem
523 198 736 255 arborem,
764 211 882 258 quae
906 197 953 243 in
981 198 1100 244 atrio
1124 197 1236 245 deos
1263 205 1454 261 penates

111 274 278 321 umbra
305 272 522 329 involvit,

240 390 424 430 Aedibus
443 390 487 430 in
507 390 653 430 mediis
674 390 864 445 nudoque
888 390 964 431 sub
988 390 1163 431 aetheris
1183 406 1251 432 axe

240 455 393 508 Ingens
417 469 485 494 ara
503 454 581 494 fuit
596 455 790 509 juxtaque
810 456 1025 495 veterrima
1044 455 1183 495 laurus

240 520 488 560 Incumbens
508 534 599 560 arae
620 526 742 574 atque
765 520 910 560 umbra
933 520 1140 575 complexa
1159 522 1347 575 Penates,

105 625 449 674 contenderunt
496 628 793 690 interpreteS,
831 644 978 690 quum
1039 627 1165 690 apud
1203 630 1457 676 Homerum

107 718 201 749 non
244 704 517 767 reperirent,
573 703 676 749 ideo
721 703 868 749 fuisse
910 719 937 750 a
982 703 1173 767 Virgilio
1213 705 1264 750 in
1306 704 1462 751 media

107 780 277 826 Priami
321 781 445 843 regia
476 780 674 842 positam
715 780 828 841 quia
860 781 1059 826 Romani
1091 780 1298 827 solerent
1333 789 1379 827 et
1412 782 1459 827 in

106 855 375 920 compluvio
417 857 607 902 arbores
650 871 920 913 conserere;
969 855 1049 902 sed
1104 846 1203 918 jam
1258 857 1462 904 artifices

107 934 271 980 Graeci
297 932 490 978 initium
530 932 736 978 fecerant
761 933 858 995 qui,
889 949 1035 995 quum
1069 933 1240 979 Priami
1266 941 1463 980 mortem

108 1009 195 1056 sibi
233 1008 547 1073 effingendam
575 1016 834 1067 sumerent,
876 1025 1002 1067 arae,
1040 1009 1098 1056 ad
1124 1026 1268 1073 quam
1318 1026 1463 1057 senex

107 1086 392 1148 confuge-ret,
426 1086 610 1132 laurum
651 1100 886 1147 apponere
932 1093 1221 1133 consuerant
1260 1089 1288 1134 ¹.
1337 1086 1462 1142 Quid

106 1162 234 1226 quod
259 1163 470 1208 intabula
491 1164 648 1220 iliaca,
667 1161 792 1223 quod
810 1162 858 1208 in
887 1164 1073 1221 statuis,
1104 1162 1231 1225 quod
1255 1164 1305 1209 in
1332 1178 1463 1210 vaso-

104 1257 212 1288 rum
259 1240 458 1303 picturis
513 1254 697 1301 semper
745 1238 910 1286 eodem
949 1240 1080 1286 cultu
1122 1240 1310 1304 Trojani
1349 1256 1461 1287 con-

106 1317 257 1380 spicui
283 1315 471 1363 adstant
497 1331 590 1378 quo
615 1313 739 1377 apud
765 1315 1012 1379 Virgilium
1039 1318 1192 1363 ornati
1223 1316 1463 1363 inducun-

105 1393 349 1442 tur?Haec
371 1392 451 1438 illa
466 1393 609 1437 mitra
633 1397 719 1441 est.
745 1391 826 1437 illa
843 1393 1008 1438 mitrae
1027 1392 1324 1449 redimicula,
1354 1393 1463 1440 illae

105 1471 370 1517 tunicarum
407 1469 613 1514 manicae
655 1482 774 1529 quae
810 1471 1052 1515 Numanus
1088 1471 1301 1533 Trojanis
1344 1469 1462 1532 obji-

104 1548 168 1594 cit
190 1549 232 1604 ²3
262 1547 347 1594 hae
378 1547 483 1593 illae
514 1550 627 1592 sunt
669 1546 862 1593 braccae
889 1546 1065 1610 quibus
1092 1551 1193 1610 jam
1219 1546 1462 1610 Euripides

103 1715 216 1756 bitur
241 1714 553 1770 praefericulum
573 1718 620 1769 (2⁹)
645 1717 837 1757 ultionem
867 1715 1039 1755 Achillis
1069 1716 1117 1755 de
1152 1716 1324 1755 Hectore
1346 1715 1461 1756 exhi-

104 1775 220 1815 bens.
243 1799 296 1804 —-
317 1793 338 1810 α
362 1777 418 1814 Le
444 1777 549 1829 sujet
579 1776 705 1816 entier
732 1791 773 1815 se
809 1775 1027 1829 developpe
1057 1790 1107 1814 au
1133 1776 1227 1829 pied
1252 1775 1323 1814 des
1348 1790 1460 1815 murs

104 1835 152 1875 de
172 1835 307 1884 Troie‚
335 1834 652 1875 conformement
675 1838 696 1875 a
717 1836 755 1874 la
776 1834 969 1874 tradition
989 1835 1061 1888 qui
1083 1838 1211 1888 parait
1235 1834 1344 1874 avoir
1367 1836 1460 1888 pre-

103 1895 194 1934 valu
217 1897 239 1934 a
258 1893 444 1948 l’tsspoque
466 1895 646 1934 romaine
676 1901 714 1934 et
737 1895 808 1948 qui
826 1909 866 1934 se
894 1901 1032 1933 trouve
1051 1908 1100 1933 en
1125 1894 1216 1933 esset
1241 1895 1369 1933 suivie
1392 1908 1462 1933 sur

103 1953 142 1994 la
161 1953 326 2008 plupart
346 1952 416 1992 des
437 1960 696 1993 monuments
719 1953 903 2008 produits
923 1955 945 1991 a
965 1960 1066 1992 cette
1094 1953 1261 2006 ermque,
1285 1952 1361 1992 tels
1382 1967 1460 2007 que

102 2012 161 2053 les
184 2012 339 2066 pierres
361 2013 540 2064 graxmes,
568 2011 626 2051 les
651 2012 805 2066 lampes
828 2019 867 2052 et
888 2011 945 2051 les
966 2011 1265 2052 bas-reliefs....
1284 2030 1321 2052 ».
1342 2013 1390 2051 In
1415 2026 1460 2051 eo

102 2079 238 2111 tamen
276 2070 478 2124 Virgilius
508 2085 599 2110 cum
632 2072 808 2111 Homero
840 2070 1025 2111 convenit
1051 2070 1160 2124 quod
1180 2070 1291 2123 bigis
1312 2085 1459 2125 corpus

104 2137 308 2184 raptatum
335 2129 462 2170 fuisse
496 2129 607 2181 dicit,
639 2130 735 2170 dum
760 2132 801 2170 in
826 2131 1032 2185 plerisque
1056 2130 1332 2170 monumentis
1357 2145 1460 2184 qua-

99 2189 241 2242 drigas
264 2188 400 2228 videre
418 2196 491 2228 est.
518 2213 568 2218 —
588 2189 710 2243 Apud
740 2189 926 2229 cumdem
949 2189 1187 2243 scriptorem
1208 2191 1322 2242 (Mon.
1348 2191 1455 2230 ine'd.

101 2248 159 2302 pl.
181 2249 335 2299 XVIII)
364 2247 546 2301 exempla
569 2248 766 2289 iuvenies.

160 2314 193 2348 1.
226 2307 357 2347 Raoul
378 2307 588 2359 Rochette,
612 2311 727 2357 trid„
746 2323 787 2361 p.
814 2313 906 2358 301Ί
933 2321 1025 2346 vase
1044 2306 1158 2361 peint
1180 2306 1228 2346 de
1251 2306 1290 2345 la
1315 2305 1461 2346 collec-

100 2367 185 2408 tion
206 2367 261 2407 du
284 2367 362 2406 duc
387 2367 435 2407 de
456 2367 613 2407 Blacas.
643 2390 690 2397 —
708 2368 856 2409 Videre
878 2373 939 2407 est
957 2366 1117 2406 laurum
1142 2380 1347 2419 aramque.
1372 2367 1461 2405 Au-

101 2428 181 2467 lam
216 2441 308 2467 vero
342 2427 516 2467 Graecae
549 2426 693 2466 domus
732 2427 916 2480 agnoscit
958 2427 1158 2479 interpres
1196 2439 1323 2479 quum
1365 2439 1459 2479 pars

98 2485 254 2531 circuli,
282 2492 512 2540 aperturam
540 2485 772 2539 quamdam7
793 2485 884 2533 ὀπὴν
904 2484 1059 2524 scilicet
1078 2484 1333 2524 Homericam
1352 2484 1459 2524 indi-

99 2545 244 2595 cantis7
278 2557 401 2597 supra
423 2552 710 2595 argumentum
730 2544 932 2584 delineata
956 2543 1092 2583 fuerit.

154 2609 192 2643 2.
224 2602 283 2643 Cf.
308 2602 439 2642 Raoul
462 2603 670 2655 Rochette⁷
694 2606 795 2644 Mon.
820 2605 911 2642 ine'd
936 2632 945 2648 ‚
968 2617 1008 2656 p.
1037 2609 1127 2643 272.
1151 2601 1335 2650 «Priam,
1360 2601 1460 2641 dans

100 2663 158 2702 les
185 2669 442 2702 monuments
464 2663 628 2715 ligures,
647 2668 707 2702 cst
726 2662 956 2716 represente
985 2662 1021 2701 la
1044 2664 1119 2701 lete
1146 2669 1330 2701 converte
1352 2660 1400 2701 de
1422 2659 1461 2700 la

1220 2738 1240 2771 6
