1758 2903
845 81 1056 117 -42-

278 163 537 227 Virgiliano
576 179 714 211 versu
759 163 1009 223 disserens,
1035 165 1210 231 aliquis
1252 169 1399 231 possit
1431 177 1622 218 conten-

275 239 403 286 dere.
436 239 558 296 Quid
588 240 711 304 quod
739 241 988 289 Lerschius
1016 243 1232 290 feminam

461 331 535 372 Cui
557 331 727 372 tolerare
746 333 834 374 colo
857 332 980 374 vitam
1001 328 1194 389 tenuique
1216 336 1404 378 Minerva

459 391 746 446 Impositum1,

273 474 534 520 Romanam
555 474 654 521 vult
673 473 854 533 haberi,
871 476 1004 538 quasi
1018 477 1186 524 Romae
1206 485 1384 526 tantum
1408 480 1624 542 lanificiis

277 550 493 598 mulieres
546 551 718 598 suerint
742 562 1008 614 occupatae.
1055 555 1116 600 At
1141 560 1187 600 et
1210 555 1335 618 apud
1371 559 1621 604 Homerum

269 631 367 688 jam
392 627 612 675 mulieres
634 628 834 675 famulas
852 645 991 690 penso
1017 640 1240 690 eoeercent,
1267 640 1312 678 et
1331 632 1379 678 in
1402 632 1624 680 domibus

275 704 461 752 Graecis
485 714 614 752 erant
637 725 658 749 «
680 706 774 753 oeci
793 707 949 769 magni
975 707 1025 753 in
1042 707 1214 770 quibus
1240 708 1620 756 matresfamilia-

275 797 380 827 rum
402 797 507 828 cum
533 781 731 829 lanificis
776 782 948 830 habent
973 785 1252 837 sessionem²
1273 806 1315 831 υ.
1342 784 1472 831 Adde
1492 785 1619 848 quod

273 858 533 921 Virgiliana
577 861 866 922 comparatio
894 861 1066 922 partim
1123 860 1181 906 ab
1227 860 1473 922 Apollonio
1511 876 1618 924 par-

273 934 358 979 tim
372 934 429 980 ab
444 936 659 992 Homero,
676 937 849 982 Graeco
865 945 1077 998 utroque,
1088 935 1272 983 videtur
1284 937 1426 984 fuisse
1437 936 1618 984 ducta'.

273 1011 306 1056 A
337 1013 469 1058 ‘radio
499 1011 581 1073 qui
613 1012 783 1058 dicitur
806 1011 929 1075 apud
951 1015 1207 1059 Homerum
1233 1016 1407 1077 κερκίς,
1432 1012 1619 1060 differre

269 1090 487 1147 pectinem
525 1087 667 1151 idque
707 1089 1076 1136 instrumentum
1105 1091 1275 1136 Graeco
1307 1099 1470 1154 poetae
1497 1091 1620 1137 inco—

272 1165 457 1227 gnitum
483 1180 585 1212 esse
608 1165 781 1212 evincit
819 1164 1008 1228 quidem
1046 1165 1338 1225 Lerschius‘3
1361 1183 1455 1214 non
1475 1166 1620 1214 efficit

272 1249 427 1287 tamen
452 1251 499 1287 ut
523 1242 743 1288 Romanis
764 1242 1007 1305 proprium
1034 1258 1132 1289 esse
1162 1241 1391 1289 videatur.

338 1319 401 1363 De
412 1313 702 1364 vestimentis
715 1319 1094 1382 apudAeneidcm
1109 1318 1341 1381 plerisque
1352 1318 1508 1366 eadem
1524 1318 1617 1366 fere

272 1393 468 1440 dicenda
495 1394 683 1442 habeas.
711 1396 751 1441 A
773 1398 943 1451 tunica,
964 1397 1184 1442 interiore
1210 1396 1385 1443 scilicet
1408 1397 1617 1442 virorum

271 1471 646 1534 feminarumque
663 1479 808 1527 veste,
829 1477 955 1535 χιτών
980 1488 1073 1518 non
1098 1471 1279 1519 videtur
1295 1471 1498 1519 multum
1526 1473 1617 1518 dis-

270 1550 499 1609 crepare⁵;
517 1549 645 1608 palla
660 1556 705 1594 et
720 1549 947 1595 Graecum
968 1565 1133 1595 nomen
1154 1552 1362 1595 retinuit.
1393 1550 1486 1595 Hoc
1510 1564 1615 1594 vero

521 1641 826 1681 circumtextum
847 1654 984 1682 croceo
1011 1641 1194 1682 velamen
1214 1640 1426 1692 acantho⁶,

327 1758 360 1793 l.
392 1755 485 1793 Aen.
506 1754 620 1804 VIII,
643 1758 735 1794 409.
771 1777 823 1784 —-
862 1757 899 1793 2.
931 1754 1109 1802 Vitruv.‚
1135 1753 1208 1805 VI,
1231 1758 1252 1795 6
1277 1755 1345 1805 (ou
1373 1753 1451 1806 10).

322 1818 360 1853 3.
391 1813 546 1866 Apoll„
569 1813 641 1864 IV,
668 1818 781 1860 1062,
803 1818 843 1853 et
860 1813 1000 1862 Hom„
1021 1814 1068 1853 Il.
1092 1814 1187 1864 XII,
1213 1818 1305 1856 433.

321 1877 360 1914 4.
393 1872 473 1922 Qui
495 1872 628 1912 locum
653 1872 767 1912 affert
780 1886 825 1912 ex
850 1871 1007 1923 Ovidio,
1032 1874 1138 1913 Fast.
1164 1872 1240 1921 III,
1265 1877 1340 1914 819
1367 1886 1374 1913 :
1399 1872 1476 1914 Illa
1492 1870 1613 1912 etiam

268 1936 422 1971 stantes
441 1934 557 1972 radio
573 1945 806 1985 percurrere
822 1931 922 1971 telas
948 1932 954 1984 Ι
978 1931 1139 1984 Erudit,
1154 1938 1192 1971 et
1205 1945 1339 1971 rarum
1351 1934 1500 1983 pectine
1517 1930 1618 1970 den—

268 1997 330 2030 set
352 2004 469 2045 opus,
493 1990 637 2031 deinde
652 1989 818 2043 Virgilii
837 2004 1013 2042 versum,
1029 1991 1101 2041 IX,
1119 1995 1212 2043 475,
1230 1990 1402 2031 Excussi
1424 1988 1614 2030 manibus

267 2053 374 2092 radii
385 2051 644 2104 revolutaque
664 2063 804 2103 pensa,
818 2063 908 2088 cum
923 2049 1152 2100 Homerico,
1174 2050 1220 2090 ll.
1237 2050 1370 2101 XXII,
1388 2053 1480 2099 448,
1502 2051 1564 2095 τῆς
1582 2048 1613 2086 δ’

266 2112 427 2162 ἐλελίχθη
447 2114 545 2161 γυῖα,
566 2109 681 2161 χᾶμαι
705 2110 741 2148 δέ
760 2111 792 2148 οἱ
816 2110 939 2147 ἔκπεσε
957 2110 1088 2159 κερκίς,
1110 2108 1276 2159 confert,
1302 2122 1383 2162 qua
1398 2121 1616 2162 compara-

266 2169 376 2210 tione
399 2176 565 2222 apparet
588 2168 728 2220 κερκίδα
755 2174 794 2207 et
817 2166 975 2206 radium
996 2167 1104 2206 idem
1131 2166 1256 2207 fuisse
1277 2167 1610 2206 instrumentum.

320 2234 358 2269 5.
390 2229 450 2268 De
468 2227 533 2267 his
551 2226 736 2267 versibus
760 2240 768 2267 :
801 2226 906 2266 Huic
924 2225 1059 2280 gladio
1080 2239 1231 2280 perque
1252 2239 1368 2266 aerea
1389 2232 1481 2266 suta
1503 2227 1510 2275 1
1534 2225 1614 2265 Per

267 2287 446 2328 tunicam
479 2286 731 2341 squalentem
762 2299 873 2337 auro,
901 2284 1009 2326 latus
1039 2284 1176 2325 haurit
1206 2293 1408 2340 apertum,
1438 2284 1489 2337 X,
1517 2289 1611 2333 313,

268 2347 325 2387 ita
355 2346 520 2387 disserit
546 2345 764 2386 Lerschius
787 2359 795 2385 ;
823 2362 845 2380 «
869 2358 919 2384 ne
957 2358 1048 2384 cum
1079 2343 1216 2385 Servio
1240 2345 1482 2395 squalentem
1512 2355 1613 2383 auro

267 2405 441 2460 explices
467 2419 475 2446 :
504 2404 785 2459 splendentem
812 2403 992 2454 loricam,
1018 2403 1170 2458 quippe
1185 2404 1271 2457 jam
1292 2416 1364 2458 per
1384 2415 1499 2443 aerea
1521 2406 1614 2441 suta

267 2465 588 2518 significatam.»
613 2464 704 2504 Non
727 2462 885 2503 videtur
908 2462 1080 2516 scriptor
1100 2461 1180 2502 sihi
1204 2469 1385 2503 constare
1407 2459 1493 2514 qui,
1513 2459 1611 2500 dum

268 2523 477 2564 contendit
514 2522 677 2563 loricam
711 2535 869 2575 semper
900 2521 1036 2575 parvis
1058 2520 1222 2561 laminis
1244 2520 1307 2560 vel
1329 2518 1493 2560 annulis
1524 2530 1612 2558 esse

269 2596 486 2624 connexam
506 2581 726 2634 contendit,
741 2580 927 2621 eumdem
939 2593 1098 2620 versum
1114 2579 1266 2634 profert
1285 2585 1324 2619 et
1344 2577 1482 2620 Servio
1491 2575 1611 2631 plane

269 2642 504 2682 assentitur.
528 2642 737 2694 (Amiquit.
762 2641 871 2681 Rom.
891 2639 953 2693 §5
975 2643 1023 2679 30
1047 2646 1086 2679 et
1104 2638 1186 2691 79).
1206 2662 1258 2668 —
1287 2639 1431 2678 6.Aen.
1455 2637 1488 2686 1,
1514 2639 1606 2676 649.
