1758 2903
799 146 1038 183 —132—

241 249 329 297 pus
355 231 480 296 quod
502 222 703 278 traditur
729 230 994 294 sepulturae
1006 233 1214 288 ».Quam
1238 232 1587 297 explicationem

243 325 354 355 vero
380 309 644 372 proximam
661 323 762 355 esse
792 314 984 355 testatur
1000 308 1240 371 sulecetus
1264 324 1446 368 versus,

397 432 498 475 Visa
516 431 664 472 dehinc
689 429 799 471 coelo
822 430 943 471 facies
966 429 1133 485 delapsa
1154 432 1374 485 parentis¹‚

239 546 333 592 nisi
356 552 509 593 tamen
530 545 650 592 velis
687 545 845 608 ipsum
873 543 1138 601 Anchisen,
1170 559 1262 591 non
1288 551 1472 591 tantum
1492 546 1593 592 ani·

238 638 386 680 mam,
416 638 564 685 quum
585 621 641 669 de
669 622 788 668 faeie
813 621 991 667 mentio
1029 620 1126 680 fiat,
1165 620 1212 666 in
1239 620 1365 668 coelo
1389 637 1592 669 commo·

237 698 350 746 rari.
382 700 441 745 At
465 697 627 745 eoiem
654 698 749 744 fere
781 696 921 744 modo
946 698 1173 743 Homerus
1198 695 1440 744 hominem
1466 697 1589 745 divi·

239 775 323 831 dit,
355 790 503 838 quum
534 774 778 821 Herculem
811 775 860 820 in
892 774 1056 820 inferis
1087 773 1244 820 studio
1280 772 1484 820 venandi
1516 773 1590 820 in·

239 852 513 915 dulgentem
540 851 761 911 ostendit,
782 850 894 897 dum
921 852 1036 913 ipse,
1057 853 1193 910 αὐτός,
1213 851 1262 897 in
1287 850 1416 898 coelo
1439 849 1591 898 Hebes

238 928 456 991 conjugio
480 928 689 974 fruitur².

303 1003 440 1068 Apud
459 1013 640 1066 poetam
655 1013 905 1068 utrumque
920 1005 1173 1051 morientes
1190 1005 1278 1051 viri
1295 1003 1450 1052 futura
1467 1021 1590 1069 prae-

238 1084 411 1128 sentire
429 1097 482 1128 ac
506 1081 780 1145 portendere
802 1080 1053 1138 dicuntum
1079 1080 1477 1143 quemadmodum
1509 1084 1590 1130 Pa-

237 1157 419 1205 troclus
437 1153 706 1215 Hectorem,
726 1159 794 1204 sic
818 1157 995 1205 Orodes
1011 1159 1292 1205 Mezentium
1316 1158 1374 1205 ad
1390 1167 1585 1206 mortem

233 1243 365 1297 tergo
383 1235 515 1297 quasi
547 1235 800 1281 instantem
823 1233 1217 1297 respicerejubet‚
1240 1235 1390 1291 Quam
1407 1236 1587 1298 opinio-

234 1327 341 1358 nem
357 1311 438 1358 toti
462 1311 730 1374 antiquitati
753 1311 894 1357 fuisse
910 1325 1207 1357 communem
1221 1319 1346 1358 certe
1360 1311 1466 1359 licet
1479 1327 1587 1359 con·

233 1388 464 1447 tendere³;
485 1395 707 1447 attamen,
723 1386 1108 1451 quumVirgilius
1123 1386 1267 1434 verba
1281 1389 1468 1435 Homeri
1493 1388 1586 1437 fere

233 1473 444 1528 usurpet,
501 1481 646 1528 quum
703 1465 952 1512 Mezentius
1007 1463 1170 1510 eadem
1230 1480 1422 1527 prorsus
1467 1481 1586 1528 quae

232 1541 437 1588 Aehilles
463 1541 665 1587 minanti
692 1557 876 1605 quoque
906 1541 1084 1587 Hectori
1111 1539 1410 1604 respondeat,
1429 1549 1585 1605 aperte

230 1617 447 1665 videmus
475 1618 599 1665 unde
623 1618 746 1665 hanc
770 1618 1037 1664 doctrinam
1063 1616 1118 1664 de
1145 1617 1451 1665 morientium
1469 1634 1584 1682 pru-

239 1695 396 1741 dentia
419 1694 648 1758 Virgilius
671 1694 941 1757 sumpserit.

295 1775 480 1819 Aenean
517 1780 562 1818 et
599 1771 688 1818 viri
711 1780 756 1818 et
781 1771 1060 1830 conditoriS,
1097 1771 1282 1834 qualem
1308 1771 1399 1819 sibi
1423 1772 1582 1819 animo

230 1849 460 1913 fingerent
485 1850 696 1909 Romani,
734 1848 938 1911 speciem
971 1864 1082 1911 prae
1107 1865 1152 1896 se
1180 1849 1296 1896 ferre
1324 1849 1458 1897 multi
1480 1853 1580 1914 jam

287 1994 320 2028 1.
354 1991 447 2030 Aen.
475 1989 525 2038 V,
555 1992 646 2029 721.

282 2054 319 2086 2.
351 2048 434 2088 Nec
461 2061 535 2088 nos
566 2047 671 2100 fugit
697 2060 837 2088 versus
860 2047 1065 2100 Odysseae
1094 2048 1167 2099 XI,
1195 2051 1389 2096 eoi-604,
1418 2047 1580 2102 spurios

226 2105 474 2159 quibusdam
496 2105 789 2160 interpretibus
807 2105 950 2146 videri.
976 2106 1148 2159 Legitur
1166 2105 1287 2146 etiam
1311 2105 1419 2161 apud
1440 2106 1578 2148 Schol.

225 2164 259 2204 B
284 2172 323 2204 et
346 2164 380 2215 Q
401 2165 438 2217 (ἡ
459 2165 577 2218 διπλῆ)
613 2165 665 2204 ὅτι
687 2167 734 2208 εἷς
760 2166 841 2218 τρία
870 2166 1011 2218 διαιρεῖ,
1036 2166 1085 2209 εἰς
1105 2164 1266 2216 εἴδωλον,
1296 2170 1416 2216 σῶμα,
1439 2167 1576 2219 ψυχήν*

225 2229 327 2262 τοῖτο
351 2224 387 2262 δὲ
411 2227 472 2263 οὐκ
491 2219 582 2263 οἶδεν
605 2228 621 2263 ὁ
644 2224 806 2271 ποιήτης.
843 2222 923 2264 Sed
952 2237 1044 2263 vero
1077 2223 1210 2264 Simsse
1244 2230 1306 2264 est
1337 2223 1576 2278 Virgilium,

228 2285 325 2321 dum
346 2281 604 2322 Homericam
628 2282 912 2336 antiquitatem
935 2281 1071 2321 studet
1093 2282 1257 2331 referre,
1273 2281 1324 2322 ad
1334 2283 1574 2335 Homerum,

226 2341 359 2394 qualis
388 2340 500 2394 vulgi
528 2340 718 2381 manibus
744 2348 828 2380 tum
854 2340 1072 2391 terebatur,
1099 2354 1180 2381 non
1211 2342 1374 2395 qualem
1399 2341 1578 2383 Alexan-

226 2398 333 2439 drini
367 2398 691 2451 emendaverant,
717 2398 931 2454 respicere.
952 2423 1000 2430 —
1024 2400 1130 2440 Haec
1147 2413 1240 2441 vero
1265 2400 1404 2455 opinio
1421 2401 1575 2443 relato-

225 2472 314 2497 rum
352 2459 459 2498 inter
478 2460 586 2499 Deos
621 2458 789 2499 heroum
813 2457 1079 2498 simulacrum
1112 2459 1156 2498 in
1182 2458 1325 2500 inferis
1348 2473 1572 2514 remanere,

224 2517 439 2557 Homerica
462 2532 549 2558 esse
591 2518 728 2558 Servio
753 2530 912 2571 qnoque
943 2516 1168 2558 videbatur.
1196 2518 1255 2561 Cf.
1289 2518 1401 2560 Serv.
1429 2518 1480 2560 ad
1498 2520 1571 2571 VI,

229 2580 316 2616 134.

279 2641 316 2673 3.
348 2633 411 2674 Cf.
443 2635 692 2689 Friedreich,
719 2637 783 2676 Dt'e
808 2635 977 2687 neaman,
1008 2648 1048 2688 p.
1083 2639 1178 2687 1453
1208 2635 1395 2691 Xenoph.
1423 2637 1570 2690 Cyrop.

226 2693 338 2742 VIII,
363 2698 427 2733 47.
1639 2701 1648 2708 ·
