1758 2903
697 187 750 203 ...‹.
779 176 827 211 85
856 195 907 202 -

131 271 404 328 operantur,
431 278 591 326 preces
615 263 941 324 imperatoriae
970 278 1085 326 quas
1109 262 1202 309 diis
1227 262 1468 322 adhibent,

127 349 226 387 tum
255 341 451 386 virtutes
485 340 713 402 vitiaque,
737 339 924 397 ferocia,
955 338 1132 386 doloris
1158 340 1468 402 impatientia,

120 417 334 480 Jactatio,
356 417 626 462 memoriam
667 414 896 474 subeunt3
926 431 1067 478 quam
1092 432 1276 462 morum
1293 415 1473 479 simpli-

125 493 311 539 citatem
362 499 499 555 atque
558 494 852 554 asperitatem
911 491 1017 538 licet
1088 492 1279 554 quidem
1337 493 1474 539 corri-

132 584 238 631 gere
273 576 429 630 atque,
472 576 522 614 ut
557 569 624 614 ita
663 568 837 628 dicam,
868 568 1100 623 excolere3
1141 569 1332 614 omnino
1362 584 1472 615 vero

126 644 374 699 excludere
424 661 515 690 non
552 645 698 707 magis
730 644 839 690 licet
885 660 1026 706 quam
1060 646 1247 690 Homeri
1273 645 1471 708 gloriam

124 722 404 767 exstinctam
444 720 578 766 velle,
606 720 854 783 Exemplar
881 720 1116 782 quoddam
1152 723 1286 783 quasi
1315 721 1471 784 legen-

127 798 253 845 tibus
303 797 595 861 propositum
632 805 700 842 est
731 795 789 842 ad
817 796 940 858 quod
970 798 1184 843 animum
1221 797 1473 858 oculosque

125 875 323 936 referant
351 889 360 919 :
390 886 502 935 puta
528 889 606 919 eos
625 872 934 918 reluctaturos
962 889 1079 930 esse,
1111 874 1167 930 si,
1202 890 1347 934 quum
1367 879 1472 936 jus-

128 951 245 997 seris
265 937 360 1008 eos,
383 950 481 1012 ipsa
504 950 767 1011 argumenti
800 956 986 1008 natura,
1027 950 1145 1012 ipsis
1174 965 1474 1012 personarum

127 1026 415 1083 nominibuS,
439 1026 531 1071 huc
558 1027 807 1088 respicere,
833 1042 1018 1084 rursus,
1051 1042 1237 1071 morum
1275 1041 1328 1072 ac
1362 1041 1474 1073 con-

127 1102 431 1151 suetudinum
453 1101 606 1148 subita
634 1104 953 1158 conversione,
983 1103 1030 1147 in
1058 1102 1250 1148 alterain
1290 1111 1473 1165 partem

126 1180 330 1242 coegeris
355 1179 501 1224 aciem
528 1178 786 1224 intendere.
812 1182 986 1241 Itaque,
1003 1179 1223 1240 quamvis
1245 1178 1341 1241 lege
1358 1186 1473 1225 tem-

129 1259 258 1319 poris
280 1254 494 1302 servandi
517 1264 652 1318 poeta
672 1271 763 1301 non
786 1263 1010 1312 teneatur,
1029 1271 1122 1301 non
1147 1262 1301 1317 potest
1327 1256 1476 1316 scrip-

131 1344 203 1379 tor
222 1331 432 1378 eruditus
448 1341 588 1394 atque
615 1330 798 1393 elegans
820 1340 1032 1393 tempora
1050 1332 1114 1377 ita
1134 1331 1407 1393 perturbare
1428 1338 1479 1377 ut

128 1411 271 1457 unius
296 1409 457 1454 aetatis
486 1424 654 1462 mores,
687 1407 843 1453 fabula
878 1408 1070 1453 alterius
1097 1423 1198 1454 esse
1239 1407 1470 1465 videatur,

130 1486 407 1549 praesertim
458 1486 496 1529 si
544 1484 698 1530 sabula
746 1483 803 1529 ad
846 1500 945 1529 eam
1001 1491 1196 1530 aetatem
1231 1484 1474 1545 pertineat,

127 1578 245 1626 quae
279 1579 305 1607 a
334 1577 502 1624 magno
531 1568 665 1622 poeta
704 1560 951 1622 descripta,
985 1561 1078 1606 fere
1109 1560 1294 1616 meliuS,
1333 1577 1475 1622 quam

129 1639 221 1686 alia
243 1637 390 1684 multa
420 1638 578 1684 secula
601 1639 772 1683 nostris
800 1637 1038 1699 propiora,
1071 1637 1293 1683 innotuit.

196 1714 328 1771 Quod
346 1730 491 1778 quum
518 1713 573 1760 de
602 1713 812 1774 quolibet
830 1723 983 1776 poeta,
1013 1713 1149 1776 paulo
1184 1713 1477 1776 antiquitatis

129 1791 361 1855 peritiore,
376 1795 483 1853 jure
506 1789 751 1848 diceretur,
765 1793 921 1835 nescio
939 1805 997 1835 an
1013 1790 1213 1835 maxime
1227 1789 1478 1853 Virgilium

132 1875 321 1931 spectet.
344 1868 524 1913 Scimus
551 1867 677 1912 enim
704 1872 876 1926 quanta
901 1865 1203 1911 admiratione
1226 1868 1479 1912 Homerum

128 1945 368 1990 Romanus
403 1951 539 2005 poeta
582 1942 721 1988 fuerit
755 1950 1057 2003 prosecutus;
1107 1949 1282 2003 quanto
1324 1940 1477 1988 studio

130 2036 225 2066 non
251 2028 433 2065 tantum
456 2017 607 2076 lliadi,
636 2018 715 2064 sed
734 2016 968 2081 Odysseae
990 2019 1129 2064 etiam
1152 2033 1285 2063 suam
1315 2019 1478 2064 Aenei-

131 2096 237 2143 dem
265 2095 612 2158 quodammodo
635 2094 838 2141 similem
871 2095 1016 2141 facere
1031 2096 1192 2141 enisus
1218 2096 1307 2153 sit,
1335 2111 1476 2157 quam

131 2171 379 2235 diligenter
404 2188 497 2218 non
523 2178 707 2217 tantum
732 2170 1015 2217 homericam
1037 2187 1193 2218 rerum
1221 2171 1477 2234 disponen-

130 2249 299 2296 darum
321 2249 566 2307 rationem,
591 2247 671 2294 sed
687 2247 931 2310 eloquendi
948 2247 1139 2294 modum
1161 2248 1474 2305 sitimitatus3

131 2341 272 2388 quam
329 2324 500 2371 multas
553 2324 924 2386 comparationes
972 2324 1359 2370 translationesve
1419 2323 1476 2369 ab

130 2403 331 2448 Homero
359 2402 528 2464 petitas
563 2408 642 2446 aut
667 2399 725 2446 ad
754 2399 949 2446 verbum
975 2415 1121 2462 paene
1160 2399 1366 2454 verterit,
1398 2406 1479 2445 aut

131 2476 294 2524 leviter
330 2485 531 2523 mutatas
562 2492 728 2523 rursus
779 2475 1002 2534 ediderit,
1045 2491 1187 2538 quam
1221 2491 1377 2537 saepe,
1426 2484 1479 2521 ut

137 2553 274 2600 verbo
298 2554 449 2617 ipsius
475 2562 598 2610 utar,
630 2552 925 2599 Homericam
950 2551 1080 2597 illam
1109 2551 1291 2598 clavam
1318 2550 1477 2597 subri-

135 2630 310 2692 puerit,
340 2631 404 2675 ita
429 2645 481 2675 ea
507 2644 679 2674 usurus
701 2634 753 2673 ut
788 2644 879 2673 non
903 2626 1104 2673 alienam
1138 2642 1294 2689 gerere
1319 2625 1477 2673 videa-

134 2714 225 2752 tur.
266 2707 435 2753 Mirum
471 2721 581 2751 saue
619 2704 736 2750 soret
782 2712 984 2766 poetam,
1011 2703 1124 2751 dum
1163 2703 1227 2751 ita
1268 2719 1315 2750 se
1343 2703 1476 2750 alteri
