1758 2903
639 528 1004 585 TABULA.

1383 808 1498 844 Pagina

151 861 205 895 An
223 859 447 908 Virgiliusin
464 860 615 898 Aeneide
634 871 759 898 mores
779 860 952 898 heroicos
972 859 1132 898 fideliter
1149 861 1393 909 expresserit.
1479 866 1492 898 1

153 951 188 983 1ο
214 948 341 986 Varias
371 949 486 987 fuisse
509 950 554 987 de
574 950 792 998 quaestione
812 949 1167 998 opiniones.0mnia
1193 950 1230 987 in
1251 951 1401 989 Aeneide

270 1009 437 1046 Romana
453 1012 516 1047 aut
537 1010 667 1047 Latina
684 1011 857 1048 Lerschio
879 1010 996 1047 videri
1007 1036 1395 1050 .................
1479 1015 1493 1048 1

150 1095 188 1128 2⁰
214 1093 444 1140 Lerschium,
466 1094 566 1142 quod
586 1094 631 1131 ad
651 1095 827 1143 pleraque
847 1093 1018 1142 attineat,
1036 1096 1138 1133 recte
1152 1093 1293 1132 vidisse
1311 1124 1318 1132 .
1335 1125 1342 1132 .
1359 1124 1366 1131 .
1385 1123 1393 1132 .
1453 1097 1493 1131 13

148 1185 187 1218 30
213 1181 363 1218 Modum
380 1192 401 1218 a
418 1182 593 1221 Lerschio
610 1182 811 1232 aliquando
828 1194 903 1221 non
924 1185 1113 1221 servatum
1128 1183 1244 1221 fuisse
1265 1210 1392 1222 ......
1449 1187 1493 1221 33

149 1273 187 1305 4⁰
213 1271 524 1310 Commenticiam
546 1274 644 1321 apud
672 1272 871 1323 Virgilium
905 1273 1104 1322 quamdam
1134 1272 1398 1321 antiquitatem

147 1564 182 1597 60

265 1342 374 1378 posse
394 1333 618 1380 deprehendi
625 1359 1391 1371 .................................
1449 1334 1494 1369 59

171 1426 184 1442 0
211 1418 409 1466 Virgilium
444 1421 525 1468 ipsa
552 1423 735 1469 poematis
770 1425 903 1460 natura
929 1422 1063 1460 adduci
1088 1422 1265 1459 debuisse
1285 1423 1327 1459 ut
1354 1422 1400 1459 ad

265 1479 435 1517 heroicos
456 1492 580 1519 mores
604 1481 807 1530 respiceret
816 1508 1392 1520 .........................
1449 1485 1493 1518 81*

210 1563 388 1600 Romanis
417 1565 587 1602 moribus
619 1566 788 1603 heroicos
814 1565 951 1614 ubique
983 1565 1167 1603 admixtos
1201 1565 1330 1602 fuisse.
1353 1586 1399 1591 —

262 1622 503 1670 Explicantur
517 1626 698 1673 quaedam
714 1625 878 1662 Aeneidis
895 1627 1020 1673 partes
1026 1650 1390 1662 ...............
1447 1627 1492 1660 90

145 1713 181 1745 70
209 1711 304 1748 Loca
323 1711 368 1748 ad
385 1723 464 1749 rem
481 1713 757 1762 dijudicandam
774 1715 981 1753 afferuntur
1000 1726 1020 1752 e
1039 1715 1117 1752 toto
1147 1713 1313 1751 carmine
1334 1724 1396 1749 ex—

262 1773 386 1818 cerpta
390 1800 700 1811 ..............
718 1801 724 1806 .
741 1801 1386 1812 ............................
1425 1773 1489 1806 125

142 1855 181 1889 8⁰
208 1852 452 1892 concluditur
457 1884 979 1893 .......................
995 1883 1002 1889 .
1018 1883 1384 1892 ...............
1420 1856 1486 1889 142

144 1935 258 1973 Index
277 1936 446 1974 locorum
456 1963 1125 1975 .............................
1138 1957 1139 1960 =
1143 1963 1388 1975 ...........
1425 1939 1490 1972 147

144 2007 258 2045 Index
278 2019 404 2046 rerum
425 2011 462 2046 et
476 2010 680 2046 verborum
691 2037 817 2045 ......
835 2041 840 2046 .
858 2039 864 2045 .
883 2037 888 2043 .
906 2037 913 2044 .
931 2042 935 2046 .
950 2037 1384 2047 ...................
1420 2009 1486 2044 1129
