1758 2903
664 180 908 216 —143—

108 279 138 310 a
156 261 390 328 plerisque
409 263 665 310 recentium
690 265 995 328 interpretum
1016 269 1122 329 jure
1142 265 1337 314 habitus
1363 267 1460 315 fue-

111 341 190 387 rit.
215 341 281 386 Ea
300 339 402 386 laus
428 339 566 385 etiam
591 347 685 386 tam
708 340 797 386 late
824 348 948 404 patet
974 350 1025 388 ut
1049 358 1141 405 quo
1163 342 1296 406 plura
1316 334 1459 391 docu-

110 424 269 463 menta
286 415 344 462 ad
362 415 491 462 illam
506 416 829 479 antiquitatem
857 419 1113 479 spectantia
1135 420 1281 466 nostri
1311 419 1460 467 homi·

111 508 192 538 nes
217 507 240 538 e
263 491 470 539 tenebris
496 508 548 539 ac
580 493 671 538 situ
700 500 888 550 eruunt,
919 509 1011 556 quo
1040 493 1314 557 locupletior
1334 495 1384 542 fit
1409 511 1461 542 ac

110 567 298 615 fidelior
322 568 656 616 historicorum
687 569 904 628 scientia,
940 584 992 616 eo
1029 571 1178 634 magis
1203 571 1457 634 Virgiliana

52 706 59 707 ἶ
111 644 326 692 doctrina
357 644 552 692 eluceat.
583 647 733 701 Quam
760 643 909 691 multa
944 644 1103 706 verba,
1132 662 1252 709 quae
1277 663 1304 693 a
1329 655 1462 710 poeta

110 737 275 769 versus
295 720 497 769 ornandi
525 737 667 768 causa
686 728 867 769 tantum
906 721 1043 768 modo
1076 724 1228 786 posita
1251 723 1365 770 olim
1399 724 1463 770 vi-

111 797 358 856 debantur,
387 813 511 845 nunc
524 798 735 845 excussis
758 806 968 844 veterum
990 799 1198 862 scriptis,
1229 800 1457 862 perlectis,

111 874 385 938 diligentius
406 874 571 932 titulis,
594 876 692 938 ipsa
710 875 971 938 priscorum
994 875 1275 938 populorum
1297 876 1463 941 lingua

113 950 349 997 curiosius
394 950 639 1014 explicata,
682 967 902 998 vasorum
953 953 1090 998 etiam
1142 968 1261 1014 quae
1305 955 1461 1016 quoti-

113 1026 188 1074 die
232 1026 517 1074 effodiuntur
556 1028 753 1090 picturis
793 1026 1049 1074 studiosius
1103 1028 1349 1091 inspectis,
1401 1028 1461 1075 ad

112 1103 353 1150 veritatem
388 1112 652 1168 temporum
696 1103 985 1151 arbitramur
1018 1104 1162 1150 fuisse
1194 1120 1459 1152 accommo-

111 1179 253 1226 data?
289 1182 442 1233 Quare
473 1181 512 1227 si
545 1179 835 1227 voluerimus
874 1179 1132 1227 Aeneidem
1172 1180 1324 1244 legere
1364 1181 1462 1244 pla-

114 1272 266 1319 neque
307 1256 595 1321 intelligere,
647 1273 739 1303 non
794 1257 907 1302 satis
954 1257 1038 1303 erit
1084 1273 1168 1303 nos
1216 1258 1460 1304 affectibus

110 1332 334 1381 humanis
355 1333 530 1380 moveri
549 1349 701 1397 posse,
721 1334 951 1380 sermonis
965 1333 1191 1397 elegantia
1211 1333 1426 1381 delectari
1443 1350 1456 1393 3

112 1418 291 1474 oportet
322 1417 376 1457 ut
409 1426 562 1457 mores
596 1410 773 1456 alienos
808 1409 1156 1473 quodammodo
1189 1410 1459 1470 induamUS,

111 1495 162 1533 ut
176 1486 346 1533 fiamus
364 1487 644 1543 Romani‚ac
660 1486 856 1534 Romani
878 1501 972 1532 non
993 1486 1330 1533 uniustantum
1346 1495 1465 1534 aeta-

111 1565 173 1610 tis
197 1562 412 1610 doctrina
433 1564 670 1622 instructi,
701 1562 783 1609 sed
805 1578 1000 1610 suarum
1028 1563 1263 1626 originum
1288 1563 1463 1611 studio-

55 1649 63 1654 ·
111 1639 251 1687 siores
265 1655 279 1699 3
300 1648 436 1703 atque
452 1641 588 1687 etiam
618 1655 671 1686 eo
698 1644 872 1703 maJ'ore
892 1640 1085 1686 scientia
1110 1655 1225 1703 opus
1243 1648 1312 1686 est
1333 1641 1460 1704 quod

111 1715 212 1780 lege
231 1717 457 1763 carminis
491 1716 697 1780 quadam
724 1724 934 1780 cogente,
970 1725 1123 1779 poeta,
1167 1731 1220 1762 ea
1256 1732 1377 1780 quae
1405 1716 1464 1764 ad

111 1808 266 1840 mores
294 1802 522 1857 spectant,
559 1809 655 1840 non
699 1793 800 1840 fuse
841 1809 993 1857 neque
1017 1793 1206 1856 copiose
1242 1793 1460 1857 explicet,

114 1870 196 1916 sed
226 1876 406 1917 tantum
443 1871 757 1934 perstringat,
784 1868 912 1932 quod
942 1871 1157 1933 aequales
1189 1869 1459 1926 admonere,

113 1960 207 1992 non
249 1946 433 2006 docere,
473 1947 691 2005 voluerit,
733 1946 860 2009 quoi
904 1948 1003 2009 ipse
1047 1962 1212 2008 operae
1244 1947 1459 2010 vestigia,

114 2037 255 2085 quam
293 2024 562 2086 antiquitati
612 2022 968 2087 investigandae
992 2021 1286 2086 impenderit,
1331 2023 1466 2087 quasi

112 2099 329 2147 consulto
357 2100 594 2148 deleverit.

177 2178 271 2223 Nec
286 2186 435 2224 tamen
457 2177 514 2224 ad
529 2179 860 2240 antiquitatem
875 2177 1082 2224 Italicam
1103 2185 1184 2223 aut
1203 2178 1463 2225 Romanam

115 2251 357 2300 referenda
388 2262 500 2301 sunt
533 2256 713 2314 omnia;
760 2264 920 2318 poetae
951 2256 1078 2301 enim
1127 2254 1366 2300 materiam
1409 2269 1462 2301 ex

115 2329 319 2377 heroicis
365 2331 654 2394 temporibus
706 2333 910 2378 sumenti
957 2331 1129 2378 heroici
1180 2347 1333 2378 mores
1366 2347 1462 2377 non

115 2408 310 2453 omnino
363 2407 626 2471 negligendi
670 2417 819 2456 erant.
873 2409 1021 2469 Hujus
1059 2416 1212 2454 autem
1259 2407 1463 2469 antiqui-

113 2483 222 2530 tatis
269 2482 391 2530 unde
436 2484 694 2546 imaginem
745 2483 933 2531 duceret
981 2483 1253 2546 aequalibus
1296 2498 1462 2546 agnos-

115 2557 335 2617 cendam,
393 2560 647 2607 auctoritas
710 2559 882 2623 duplex
908 2576 916 2606 :
965 2560 1110 2606 altera
1172 2560 1352 2606 sincera
1408 2576 1461 2607 ac

118 2636 319 2697 genuina
338 2671 350 2693 ,
399 2652 540 2700 quam
602 2638 792 2684 Homeri
854 2646 1068 2700 poemata
1127 2634 1455 2698 praestabant;

117 2711 261 2759 altera
294 2713 469 2775 poetica
502 2721 683 2760 tantum
711 2722 754 2761 et
775 2714 1105 2762 commenticia
1128 2727 1268 2776 quam
1290 2710 1462 2758 dabant
