1758 2903
852 133 1061 169 ...32-

286 218 506 278 Templum
531 223 684 263 autem
714 216 840 280 apud
868 218 1071 276 Latinos,
1098 226 1148 264 ut
1172 216 1518 264 florentissimis
1540 219 1626 265 rei-

281 295 492 360 publicae
522 294 813 357 temporibus
856 310 938 357 pro
973 297 1114 341 Curia
1145 294 1384 341 habetur&
1416 295 1626 341 Mantuae

279 379 448 432 [lentem
474 372 698 432 triplicem
736 379 780 417 et
803 372 985 431 populos
1016 372 1275 431 quaterne-9²
1296 370 1352 416 ad
1384 371 1627 418 historiam

283 446 485 493 Italicam
514 447 619 493 licet
657 446 856 503 referas3
902 445 959 492 ad
988 448 1247 493 Romanam
1275 447 1515 494 Claudiam
1544 449 1627 494 tri-

280 523 420 569 bum³.
447 524 572 585 Ipsae
606 522 745 568 urbes
789 538 881 568 non
920 521 1014 568 alio
1053 537 1180 568 more
1226 521 1496 569 conduntur
1533 538 1627 586 quo

282 599 424 644 Roma
439 598 540 660 ipsa
558 606 601 644 et
618 599 851 644 Romanae
873 597 1296 658 coloniae3'0pcatur
1308 597 1433 644 enim
1450 597 1623 657 locus‘;

279 675 442 732 sulcus,
463 673 522 719 ad
547 673 646 721 loca
670 691 745 721 mu
756 690 909 721 rorum
928 672 1235 737 designenda,
1257 681 1411 720 aratro
1428 674 1628 721 circum-

280 752 476 812 agitur‘.
518 753 742 797 Locorum
783 750 842 796 ad
890 749 1054 796 domos
1091 748 1409 796 aedificandas
1443 749 1496 796 fit
1529 765 1628 796 sor-

281 827 379 872 titio
394 828 422 873 ⁶.
455 826 550 872 Arx
575 843 681 873 vero
712 825 914 872 Evandri
944 842 1086 888 quam
1125 826 1215 872 sibi
1252 826 1331 871 hie
1362 841 1625 872 memoran-

282 901 389 949 dam
412 901 657 948 Lerschius
684 903 878 965 putavit,
900 903 1055 963 ipsum
1072 901 1350 965 Capitolium
1374 903 1476 948 est⁷.
1494 900 1627 957 Quod

283 978 558 1041 Carthagine
589 980 808 1024 theatrum
840 978 981 1024 fuisse
1014 978 1200 1036 fertur⁸,
1232 978 1362 1036 licet,
1403 978 1442 1024 si
1469 979 1533 1024 ita
1555 977 1627 1023 vi-

283 1053 466 1111 deatur,
494 1069 717 1116 agnoscas
740 1052 952 1100 studium
979 1070 1071 1116 quo
1093 1055 1292 1101 Romani
1318 1053 1500 1101 ludicra
1522 1069 1629 1118 pro-

282 1146 331 1177 se
345 1129 611 1192 1uebantur.

349 1208 466 1253 Haec
489 1205 705 1252 Lerschio
721 1205 784 1251 ita
810 1204 1216 1270 disputantiquasi
1241 1206 1450 1253 certatim
1469 1222 1626 1253 assen-

284 1300 384 1331 sere
410 1298 571 1330 omnes
609 1282 701 1329 fere
729 1291 916 1330 nostrae
960 1284 1122 1330 aetatis
1163 1284 1414 1347 scriptores
1442 1283 1524 1346 qui
1550 1291 1631 1330 aut

283 1360 503 1408 Aeneidis
549 1359 851 1422 explicandae
892 1375 1054 1406 curam
1099 1359 1190 1406 sibi
1216 1368 1526 1423 sumpserunt
1549 1368 1630 1407 aut

283 1438 342 1484 ad
367 1435 598 1500 quaedam
624 1436 848 1483 carminis
878 1435 979 1482 loca
1004 1437 1199 1499 propius
1217 1436 1510 1500 inspicienda
1531 1437 1629 1483 suis

283 1514 451 1563 studiis
484 1522 623 1577 atque
659 1512 1100 1575 investigationibus
1127 1510 1317 1558 adducti
1355 1511 1524 1571 suere⁹3
1563 1513 1631 1559 ita

340 1685 374 1720 1.
404 1679 498 1725 VII,
528 1683 615 1718 174.
632 1675 692 1717 Cf.
717 1676 825 1728 Liv.,
844 1681 909 1728 30,
935 1681 1003 1726 213
1029 1680 1180 1727 31,47;
1206 1680 1355 1725 33,24;
1379 1679 1445 1728 34,
1465 1680 1538 1723 43;
1559 1678 1627 1726 41,

280 1744 358 1786 22;
384 1738 501 1787 Sall,
527 1739 609 1778 Cat.
631 1740 696 1776 49.

337 1804 374 1838 2.
406 1798 457 1848 X,
477 1802 568 1837 201.
593 1819 645 1826 —
676 1800 715 1835 3.
746 1795 840 1843 VII,
869 1798 959 1834 706.

334 1864 373 1897 4.
405 1856 482 1909 ΙΙΙ,
513 1860 600 1905 109,
634 1855 780 1904 13231,
804 1858 896 1894 425.

337 1922 375 1956 5.
405 1916 456 1966 V,
480 1919 576 1965 7553
605 1913 696 1965 VII,
725 1918 816 1953 157.

336 1980 374 2015 6.
405 1974 457 2024 V,
482 1978 571 2013 756.

337 2039 374 2072 7.
406 2032 522 2083 VIII,
553 2036 645 2071 313.

335 2097 374 2132 8.
405 2091 439 2140 Ι,
465 2095 556 2130 427.
580 2090 729 2130 Scenae
752 2088 873 2129 etiam
894 2087 1003 2143 apud
1017 2089 1067 2131 V.
1089 2088 1136 2127 fit
1161 2087 1329 2139 mentio,
1346 2087 1381 2136 Ι,
1405 2091 1498 2138 428,
1522 2093 1562 2127 et
1583 2087 1627 2127 in

280 2165 399 2191 versu
423 2150 496 2201 IV,
519 2154 591 2189 471
619 2161 627 2187 :
652 2149 736 2188 Aut
762 2147 1110 2201 Agamemnonius
1140 2146 1271 2187 scenis
1303 2145 1481 2200 agitatus
1505 2146 1629 2187 Ores-

283 2216 357 2249 tes.
402 2208 544 2248 Solent
586 2207 829 2262 interpretes
864 2206 1092 2260 intelligere
1131 2205 1250 2260 quasi
1290 2214 1398 2246 esset.
1436 2209 1480 2246 in
1516 2218 1631 2247 scena

281 2276 404 2309 actus.
439 2266 657 2308 Lersehius
696 2265 783 2306 vult
816 2276 982 2319 spectro,
1015 2265 1192 2305 visiones
1221 2264 1419 2319 quasdam
1451 2278 1524 2319 per
1554 2263 1630 2305 hoc

282 2327 450 2368 verbum
473 2339 608 2367 scenas
637 2325 876 2378 significari.
904 2324 984 2365 Sed
1004 2323 1090 2364 loca
1113 2338 1216 2378 quae
1245 2325 1361 2365 affert
1392 2324 1507 2376 (Aus.
1532 2323 1630 2364 Mo-

283 2385 371 2426 sell.
399 2390 491 2435 318,
523 2384 625 2425 Stat.
648 2383 746 2425 Silv.
770 2384 841 2433 IV,
869 2388 907 2433 3,
931 2387 996 2432 20,
1028 2383 1139 2423 Suet.
1161 2385 1287 2434 Caliy.
1318 2388 1380 2433 15)
1400 2382 1504 2423 male
1526 2380 1630 2422 hanc

283 2444 526 2485 sententiam
562 2443 668 2483 tueri
704 2441 907 2482 videntur.
940 2442 1093 2483 Versus
1123 2441 1289 2494 Virgilii
1316 2441 1351 2493 1,
1383 2446 1474 2493 1129,
1505 2443 1631 2482 scenis

283 2507 423 2544 decora
443 2506 524 2543 alta
550 2503 716 2553 suturis,
740 2514 812 2541 nos
834 2499 964 2551 docet,
991 2507 1036 2540 ut
1055 2499 1228 2551 videtur,
1250 2514 1330 2555 quo
1354 2514 1477 2541 sensu
1505 2499 1629 2540 intel-

283 2562 357 2616 ligi
379 2561 525 2602 debeat
545 2565 668 2602 scenis
687 2562 857 2611 ayitalus
881 2562 1040 2600 Orestes.

336 2627 374 2662 9.
397 2622 507 2662 Inter
524 2621 745 2662 Germanos
761 2625 919 2674 praesto
934 2626 995 2658 est
1013 2618 1222 2659 nominare
1236 2617 1433 2672 Forbiger
1452 2623 1492 2658 et
1507 2619 1630 2660 Gess-

284 2695 369 2730 rau,
393 2680 543 2733 quibus
568 2680 736 2721 fortasse
758 2677 939 2719 Lerschii
961 2676 1126 2718 libellus
1152 2677 1276 2719 nimis
1304 2677 1449 2733 placet,
1479 2676 1627 2718 Weid-
