1758 2903
792 158 1031 198 -134f

239 251 343 314 ipso
370 244 637 310 praedicare
662 258 780 307 quae
815 242 920 290 aliis
953 242 1026 291 vel
1063 242 1154 290 viri
1182 243 1375 291 maximi
1400 246 1587 310 praedi·

240 322 391 372 canda
409 320 673 383 relinquere
700 318 850 366 solent
879 334 889 365 ε

348 430 448 471 Sum
469 431 562 482 pius
574 429 748 481 Aeneas,
770 435 907 484 raptos
927 428 1000 482 qui
1022 442 1068 469 ex
1084 429 1198 470 hoste
1215 430 1389 470 Penates

347 494 484 537 Classe
503 494 604 534 veho
630 506 804 545 mecum,
824 496 938 543 sama
957 506 1076 544 super
1098 496 1258 535 aethera
1279 496 1436 535 notu-5¹.

241 599 301 644 At
327 594 454 657 quod
472 592 680 641 insolens
702 601 840 654 atque
865 592 1078 641 odiosum
1100 593 1152 640 fit
1183 595 1232 641 in
1254 597 1479 656 Romano,
1505 596 1588 646 hev

243 672 356 720 roici
394 671 621 734 temporis
668 670 768 717 viro
806 685 954 734 paene
997 672 1239 730 convenit;
1280 688 1432 735 neque
1460 674 1587 723 enim

243 748 367 812 apud
391 749 639 794 Homerum
663 762 709 792 se
726 747 913 808 parcius
927 761 980 792 ac
1002 746 1288 794 moderatius
1306 748 1472 796 heroes
1491 748 1590 796 lau-

243 825 380 883 dant3
407 823 687 887 simplicitas
720 823 801 869 illa
825 831 894 869 est
931 822 1158 870 invidiam
1193 825 1385 872 minime
1412 825 1590 873 timen-

243 902 381 960 tium,
410 916 504 947 non
531 899 793 964 arrogantia
817 899 935 945 alios
955 899 1315 947 fastidientium.

309 980 409 1025 Jam
433 976 557 1039 apud
583 978 839 1023 Homerum
867 975 1011 1038 pietas
1038 978 1220 1023 Aeneae
1247 977 1484 1037 laudatur,
1511 978 1589 1026 sed

246 1070 298 1101 ea
317 1055 466 1114 pietas
491 1055 539 1100 in
561 1052 765 1100 Aeneide
781 1053 914 1115 quasi
935 1068 958 1099 e
978 1053 1239 1115 poslscenio
1261 1054 1311 1098 in
1346 1053 1587 1116 pulpitum

243 1130 417 1195 prodiit
437 1131 713 1194 primasque
730 1137 881 1192 partes
907 1127 1000 1175 sibi
1025 1128 1276 1177 vindicavit
1288 1146 1302 1189 3
1328 1146 1413 1177 nec
1432 1139 1590 1178 tamen

245 1207 499 1269 aliquando
533 1206 753 1268 frequens
789 1204 868 1251 ille
904 1211 948 1251 et
974 1204 1360 1268 diligentissimus
1388 1209 1590 1255 Deorum

246 1283 396 1331 cultor
430 1281 690 1331 maledictis
723 1281 930 1329 abstinet
964 1297 975 1328 τ
1020 1281 1251 1329 hahemus
1294 1282 1589 1331 confitentem

246 1376 380 1408 reum
404 1374 417 1407 t

303 1471 432 1522 Quem
455 1484 537 1512 non
559 1470 741 1511 incusavi
759 1482 900 1510 amens
922 1468 1217 1523 hominumque
1234 1467 1488 1524 deumque2?

250 1573 336 1620 Hic
356 1572 540 1619 Aeneas
560 1571 657 1618 viro
675 1572 882 1617 Romano
902 1569 1169 1633 impositam
1190 1584 1435 1633 personam
1450 1569 1595 1630 exuit,⁴

251 1665 306 1697 ac
330 1649 383 1696 fit
407 1663 573 1696 rursus
595 1663 717 1694 unus
741 1662 793 1693 ex
818 1645 1040 1693 heroibus
1064 1661 1183 1708 quos
1215 1647 1441 1692 Homerus
1477 1645 1597 1691 iras÷

253 1733 405 1774 centes
426 1741 479 1772 ac
501 1723 628 1772 coelo
652 1724 744 1786 ipsi
772 1730 1097 1770 succensentes
1119 1720 1353 1768 interdum
1373 1719 1614 1768 ostendit..

317 1801 490 1850 Eodem
516 1801 616 1848 viro
640 1815 776 1847 nemo
800 1799 954 1846 mitior
974 1814 1026 1845 ac
1043 1797 1316 1846 clementior
1339 1796 1593 1855 videbitur,

256 1880 295 1927 si
319 1877 592 1926 memineris
617 1892 709 1940 quo
737 1890 954 1923 sermone
973 1874 1146 1939 legatos
1171 1874 1319 1921 Latini
1355 1873 1556 1938 excipiat
1581 1893 1593 1920 ε

386 1988 534 2028 Pacem
554 2000 619 2027 me
636 1984 831 2027 exanimis
850 1990 891 2026 et
908 1984 1057 2025 Martis
1078 1989 1184 2025 sorte
1201 1982 1424 2039 peremptis

388 2051 525 2093 Oratis
546 2063 554 2091 :
580 2050 769 2105 equidem
790 2056 830 2090 et
846 2049 948 2090 vivis
967 2048 1181 2090 concedere
1202 2048 1384 2089 vellem’.

256 2154 401 2216 Atqui
437 2168 530 2199 non
570 2151 719 2199 multo
755 2159 861 2197 ante
902 2150 1081 2197 hostias
1125 2149 1358 2196 humanas
1401 2149 1598 2196 mactari

257 2231 430 2295 placuit
439 2245 452 2288 ;
475 2229 727 2287 feritatem,
738 2233 835 2291 jam
855 2227 913 2274 ab
935 2228 1039 2289 ipso
1052 2227 1252 2273 Homero
1268 2226 1600 2288 vituperatam,

260 2306 341 2355 sed
361 2306 606 2356 abheroici
625 2306 722 2353 aevi
749 2304 963 2352 moribus
978 2319 1072 2350 non
1093 2303 1418 2350 abhorrentem
1435 2316 1599 2365 agnos-

259 2385 344 2432 cis,
1248 2392 1251 2397 ’

328 2463 377 2507 In
399 2459 588 2524 praeliis
616 2474 727 2506 vero
755 2458 935 2505 Aeneas
957 2472 1049 2504 non
1075 2455 1230 2516 ducis,
1258 2454 1441 2518 qualem
1464 2453 1602 2515 volu·

318 2602 351 2636 1.
384 2596 417 2645 Ι,
443 2600 531 2635 378.

317 2662 353 2695 9.
386 2655 441 2705 Η,
469 2660 559 2695 745.

318 2720 349 2755 3.
385 2715 457 2767 XI,
486 2719 573 2753 «110.
