1758 2903
663 103 872 138 -13-

93 191 222 237 litur.
252 191 371 235 Dum
411 187 582 249 scripta
613 187 947 234 historicorum
985 189 1176 245 evolvit,
1207 189 1430 253 reliquias

92 266 320 312 librorum
340 263 527 311 Catonis
547 271 628 309 aut
641 264 860 309 Varronis
877 265 1067 322 excutit,
1095 266 1130 311 si
1151 281 1243 327 qua
1257 273 1432 313 restant

91 360 146 390 ex
184 341 553 404 indigitamentis
589 341 868 402 pontificum
906 342 1043 398 eruit,
1088 342 1251 389 titulos
1296 350 1435 404 atque

91 418 418 478 inscriptiones
445 415 658 479 perlegit,
689 417 807 463 nihil
835 425 905 463 est
942 419 990 463 in
1016 418 1220 464 Aeneide
1245 417 1368 481 quod
1391 419 1432 464 ei

91 494 248 540 Latino
273 491 422 539 colore
446 492 669 539 infectum
696 508 788 539 non
809 492 1039 553 videatur,
1071 494 1192 540 nihil
1220 502 1289 540 est
1309 494 1434 556 quod

91 585 182 616 non
207 573 512 632 conjunctum
534 584 640 614 cum
672 568 834 631 aliqua
858 571 1175 615 Romanorum
1197 569 1436 616 recondita

89 652 169 691 aut
189 644 367 690 exoleta
391 643 724 690 consuetudine
760 650 955 690 asserat.
985 642 1074 690 Sed
1106 644 1163 690 de
1192 643 1274 690 illo
1309 644 1434 706 quod

91 720 290 766 nimium
323 727 390 766 est
413 719 539 781 apud
576 719 839 765 Lerschium
868 729 1026 780 postea
1055 718 1432 781 disputabimus3

91 810 218 840 nunc
233 794 345 857 quid
359 802 477 841 recte
491 802 626 857 atque
641 801 773 840 acute
789 793 847 840 ad
866 794 1166 855 antiquitates
1183 796 1432 853 Romanas,

91 885 183 916 non
209 870 478 917 Homericas
504 869 820 917 revocandum
842 870 1090 917 Lerschius
1110 869 1300 930 viderit,
1324 870 1438 918 libet

87 949 185 1008 Jam
212 945 468 994 ostendere.
1219 941 1223 945 ’

739 1262 785 1308 ΙΙ

153 1491 256 1538 Jam
283 1489 488 1551 primum
518 1496 568 1535 ut
597 1507 619 1533 «
648 1488 711 1535 ab
732 1487 813 1534 illa
836 1495 1135 1551 praepotente
1162 1497 1206 1535 et
1238 1488 1440 1552 gloriosa

90 1565 389 1629 philosophia
411 1586 432 1607 »
454 1565 698 1627 incipiam,
716 1564 845 1611 nulla
857 1563 983 1627 apud
1005 1566 1258 1611 Homerum
1279 1564 1438 1629 depre-

90 1640 339 1689 hendenda
370 1649 457 1700 est,
498 1650 578 1689 aut
605 1649 727 1687 certe
759 1640 872 1687 adeo
895 1641 1073 1687 incerta
1101 1649 1170 1688 est
1195 1649 1334 1704 atque
1364 1641 1435 1688 fa-

91 1718 218 1766 bulis
247 1718 501 1765 commixta
543 1726 593 1764 ut
622 1717 863 1780 opiniones
901 1723 1102 1775 tantum,
1140 1733 1234 1763 non
1261 1716 1437 1763 doctri-

95 1810 205 1841 nam
230 1795 278 1840 in
309 1792 450 1840 lliade
477 1801 616 1855 atque
645 1791 854 1855 Odyssea
875 1792 1079 1839 inveniri
1100 1796 1207 1854 Jure
1236 1792 1431 1839 diceres.

95 1874 157 1918 De
178 1870 369 1934 Virgilio
389 1885 482 1916 non
501 1870 628 1915 item.
658 1871 758 1916 Jam
788 1867 913 1931 quod
936 1869 1119 1914 animas
1140 1875 1274 1930 putat
1304 1884 1439 1930 posse

94 1963 177 2011 per
202 1962 250 1992 se
273 1947 429 1993 vivere
459 1953 595 2008 atque
618 1945 779 2007 igneae
815 1950 1008 1991 naturae
1043 1944 1293 2007 participes
1320 1959 1436 1999 esse,

94 2038 122 2069 a
146 2021 382 2070 veteribus
415 2021 707 2084 philosophis
746 2020 990 2083 poetisque
1021 2027 1145 2066 certe
1177 2018 1351 2066 recedit
1383 2019 1440 2065 de

96 2097 269 2162 quibus
294 2098 343 2144 in
372 2098 626 2144 Tusculanis
645 2097 973 2157 quaestionibus
995 2097 1150 2142 Cicero
1175 2110 1185 2141 z
1207 2115 1230 2137 «
1246 2095 1442 2141 Animas

19 2168 21 2170 ’
97 2188 181 2236 per
207 2189 255 2219 se
285 2173 491 2219 viventes
515 2188 610 2219 non
630 2179 842 2235 poterant
867 2179 1017 2218 mente
1045 2170 1291 2234 complecti
1305 2187 1319 2230 3
1346 2170 1440 2217 for-

97 2264 220 2295 mam
240 2248 447 2311 aliquam
470 2248 761 2311 figuramque
781 2246 1077 2309 quaerebant.
1113 2245 1225 2292 Inde
1253 2246 1441 2293 Homeri

96 2330 192 2370 tota
216 2326 355 2369 νεκυία
384 2339 394 2370 :
424 2324 507 2370 has
531 2331 689 2370 tamen
716 2323 943 2385 imagines
973 2322 1101 2385 loqui
1121 2321 1286 2368 volunt
1313 2320 1441 2384 quod

103 2399 202 2446 fieri
226 2415 310 2446 nec
331 2401 431 2446 sine
451 2400 611 2463 lingua
636 2416 719 2447 nec
737 2401 838 2446 sine
862 2399 1068 2445 faucium
1092 2407 1135 2444 et
1161 2397 1438 2460 pulmonum

97 2477 142 2521 vi
167 2485 211 2522 et
242 2476 390 2539 figura
422 2479 594 2539 potest¹
623 2494 667 2521 1).
696 2477 817 2522 Haec
849 2483 1004 2521 autem
1045 2472 1228 2536 piacula
1266 2472 1439 2536 quibus

157 2642 191 2678 1.
225 2639 333 2679 Taso.
358 2639 391 2689 Ι,
415 2651 449 2680 c.
475 2650 561 2678 xvi.
