1758 2903
839 117 1079 154 —110—³

287 222 386 254 ram
415 204 624 252 hominis
653 211 940 268 perspectam
966 201 1346 266 exploratamque
1377 201 1552 251 habent
1580 213 1633 252 ut

286 283 477 329 timeant
509 297 581 337 ne,
612 279 727 327 dum
763 279 906 326 alicui
942 278 1028 326 deo
1061 295 1218 342 parere
1247 295 1294 326 se
1320 279 1628 340 arbitrantur,

284 356 495 421 cupidini
539 364 717 403 tantum
754 371 866 402 suae
904 371 1082 402 morem
1108 364 1295 419 gerant3
1332 356 1434 418 ipso
1462 359 1634 404 mentis

286 435 467 498 impetu
506 433 680 497 pariter
711 441 848 494 atque
880 430 966 478 deo
998 431 1159 478 heroes
1195 431 1510 480 confidebant.
1542 435 1633 481 Ro-

288 526 426 556 mana
455 525 644 573 quoque
672 517 744 556 est
767 508 848 555 illa
877 507 1067 555 tollendi
1097 508 1183 554 filii
1211 509 1520 571 consuetudo,
1547 510 1636 558 hoc

288 602 428 634 versu
448 585 700 649 virgiliano
724 592 981 632 memorata
1002 600 1012 632 ε

446 708 540 748 Non
562 710 618 747 ita
640 720 704 747 me
727 706 888 761 genitor
905 705 1027 747 bellis
1050 713 1238 747 assuetus
1259 706 1455 761 Opheltes

447 775 656 815 Sublatam
675 774 835 814 erudiit.
846 804 853 812 .
864 805 890 825 .‚
917 777 992 812 etc.

288 890 388 936 Jam
412 886 622 933 certatim
642 885 766 933 locos
789 892 998 932 veterum
1024 885 1305 947 scriptorum
1329 883 1639 932 laudaverunt

290 964 566 1026 interpretes
579 965 608 1020 ¹,
631 963 804 1025 quibus
824 962 946 1009 banc
964 977 1141 1021 vocem,
1159 961 1284 1007 hunc
1300 977 1478 1008 morem
1497 977 1525 1008 a
1544 962 1641 1025 pri-

289 1048 395 1087 vata
406 1042 722 1087 Romanorum
735 1038 830 1084 vita
849 1037 1178 1101 depromptum
1197 1038 1341 1085 fuisse
1359 1036 1634 1086 ostenditur.

291 1115 416 1172 Quid
439 1114 564 1179 quoi
590 1114 664 1161 his
688 1114 845 1161 verbis
868 1115 1069 1161 amicum
1094 1116 1236 1161 Nisus
1261 1114 1519 1178 alloquitur
1546 1129 1559 1162 ε

726 1235 784 1276 ita
805 1250 869 1276 me
891 1236 1037 1276 referat
1060 1235 1137 1276 tibi
1157 1249 1329 1290 magnus
1347 1242 1532 1277 ovantem

370 1301 574 1357 Juppiter‚
597 1307 665 1341 aut
683 1301 931 1355 quicumque
954 1299 1082 1341 oculis
1105 1300 1202 1341 haec
1223 1299 1369 1355 aspicit
1392 1301 1568 1355 aequis¹.

289 1415 484 1464 Romani
514 1421 585 1461 est
612 1413 679 1461 sic
707 1413 918 1460 dubitare
939 1414 1044 1478 quis
1072 1413 1187 1460 deus
1214 1413 1302 1460 sibi
1331 1412 1452 1460 adsit
1476 1421 1557 1460 aut
1581 1414 1641 1461 sit

292 1493 556 1545 adfuturus,
594 1491 668 1537 cui
706 1490 875 1553 gratias
912 1507 963 1537 ac
1002 1501 1124 1547 vota,
1159 1506 1208 1537 re
1248 1491 1366 1538 bene
1405 1497 1550 1554 gesta,
1580 1493 1642 1538 sit

292 1569 550 1617 soluturus,
585 1566 706 1622 Quid
738 1566 862 1630 quod
899 1587 922 1610 «
961 1566 1162 1629 populus
1194 1569 1460 1630 patresque³
1489 1586 1510 1610 »
1546 1583 1640 1614 una

293 1646 610 1702 nominantur,
627 1660 744 1707 quae
771 1644 971 1691 formula
995 1660 1181 1690 omnem
1208 1643 1542 1706 rempublicam
1572 1659 1638 1691 ro-

295 1738 483 1770 manam
508 1721 749 1783 complecti
778 1720 992 1767 videtur?
1013 1720 1132 1777 Quid
1163 1720 1288 1784 quod
1310 1722 1467 1768 senior
1485 1720 1642 1768 Aletes

294 1799 555 1848 orationem
592 1797 729 1844 habet
769 1812 888 1860 quae
928 1798 1106 1844 Platoni
1145 1805 1225 1844 aut
1259 1798 1416 1844 stoicis
1452 1797 1640 1861 probari

295 1885 440 1941 posslt
464 1890 474 1921 :

401 1998 512 2048 Quae
533 1997 663 2050 vobis,
689 2011 792 2052 quae
813 1996 953 2051 digna,
974 1996 1066 2048 viri,
1091 2010 1164 2051 pro
1184 1995 1337 2038 talibus
1362 1997 1456 2038 istis

402 2061 591 2102 Praemia
611 2075 731 2116 posse
754 2075 842 2101 rear
862 2060 992 2101 solvi?
1015 2063 1290 2103 Pulcherrima
1309 2065 1494 2115 primum

402 2125 456 2166 Di
475 2140 688 2181 moresque
711 2124 867 2166 dabunt
886 2125 1049 2166 vestri&

296 2241 597 2290 pulcherrimi
618 2239 810 2304 quidem
835 2255 1020 2298 sensuS,
1042 2246 1086 2285 ct
1109 2240 1190 2301 qui
1213 2240 1367 2287 collati
1391 2255 1498 2288 cum
1521 2240 1644 2305 prio-

356 2433 391 2472 1,
422 2429 582 2479 Horat.,
602 2430 727 2470 Serm.
767 2428 822 2479 ΙΙ,
854 2433 889 2481 5,
915 2433 984 2479 463
1018 2428 1170 2483 Plaut.,
1195 2432 1337 2485 Amph.
1361 2432 1411 2484 V,
1437 2435 1506 2483 333
1531 2429 1645 2482 Ter„

299 2489 426 2528 Andr.
454 2488 484 2535 1,
511 2492 548 2537 3,
586 2492 647 2527 14.

355 2551 392 2587 2.
425 2547 497 2592 IX,
521 2551 615 2588 208.

355 2611 393 2645 3.
430 2610 517 2645 192.

355 2669 393 2703 4.
426 2666 519 2705 Aen.
549 2664 617 2716 IX,
643 2667 733 2704 254.

1747 890 1758 994 ..Α-με..-
1753 877 1758 885 .

1732 1808 1758 2097 ,1.-ιιινιΜςΜμ
1745 1688 1758 1791 ‹ru-cs.
1750 1646 1758 1665 ᾳ
1745 1604 1758 1631 =.¹.
1752 1568 1758 1588 -.
1750 1506 1758 1541 ,v-

1751 2599 1758 2608 .
1744 2551 1752 2559 ⁴
1751 2512 1758 2517 ι
1743 2459 1758 2485 “.
1743 2414 1755 2434 *ο
1742 2103 1758 2391 ι-κὲῆ-ιιι-ιιι-ὸιιι
