1758 2903
664 79 873 114 ..ιώ-.-

93 163 221 211 docti
262 163 347 212 hos
385 163 501 211 duos
545 164 728 228 Virgilii
764 165 915 224 Ιοοοε,
965 164 1164 213 alterum
1203 166 1308 215 Aen.
1347 170 1437 228 Xl,

95 243 190 290 316
219 257 231 288 :

197 351 272 391 Est
291 351 483 405 antiquus
506 365 617 406 ager,
642 352 773 393 Tusco
792 352 893 392 mihi
916 354 1123 407 proximus
1145 354 1272 404 amni,

197 411 364 464 Longus
387 411 431 451 in
453 425 654 465 occasum,
678 412 770 452 finis
794 409 916 466 super
932 427 1060 467 usque
1079 413 1269 465 Sicanos;

196 468 378 510 Aurunci
405 470 630 525 Rutulique
653 477 860 512 serunt...

90 569 299 617 Alterum
327 573 402 626 IX,
429 573 542 618 274.

196 678 366 734 Insuper
385 679 464 732 his,
491 679 622 733 campi
646 678 755 733 quod
779 693 846 718 rex
868 678 991 720 habet
1014 679 1100 734 ipse
1121 682 1307 724 Latinus.

89 778 176 825 Sed
202 794 292 824 non
322 794 441 841 opus
465 785 550 836 est,
585 786 635 824 ut
658 778 887 824 Graecuin
914 778 1005 824 hue
1032 779 1312 828 advocemus
1340 800 1437 831 mo-

89 870 212 913 rem;
247 853 372 900 idem
412 854 536 900 enim
573 853 752 916 patrius
789 870 887 900 mos
924 856 1102 901 exstitit
1141 858 1347 920 Virgilio,
1385 869 1435 906 ut

89 927 320 977 testantur
341 929 531 976 Servius
566 928 624 974 ad
654 929 959 991 posteriorem
986 931 1141 978 locum
1170 941 1215 979 et
1238 936 1433 999 Dionys.

85 1005 341 1064 Halicarn„
378 1006 451 1064 ΙΙΙ,
482 1021 524 1052 c.
558 1021 671 1052 11....
703 1005 786 1051 Hic
815 1005 1010 1068 quidem
1038 1006 1226 1055 disertis
1261 1011 1433 1058 verbis,

85 1085 214 1130 Hanc
249 1090 404 1128 autem
440 1081 709 1145 disputandi
739 1083 968 1128 rationem
997 1093 1161 1131 contra
1195 1102 1243 1133 se
1273 1087 1436 1151 ipsum

86 1158 292 1205 converti
318 1174 451 1221 posse
477 1157 724 1205 lierschius
747 1161 1053 1221 quantumvis
1081 1176 1221 1224 sagax
1245 1179 1338 1210 non
1363 1165 1436 1211 vi-

84 1235 218 1282 detur
251 1234 550 1296 intellexisse,
585 1236 714 1298 arqui
752 1235 921 1282 licebat
957 1237 1026 1282 sic
1068 1241 1387 1301 argumentari
1420 1258 1432 1286 :

83 1310 164 1358 sed
195 1327 289 1357 non
315 1327 435 1373 opus
463 1318 533 1357 est
559 1318 610 1357 ut
634 1313 877 1357 Romanum
901 1310 993 1357 huc
1025 1312 1305 1361 advocemus
1333 1331 1433 1362 mo-

82 1402 203 1446 rem3
231 1385 357 1434 idem
371 1387 496 1433 enim
523 1402 623 1433 mos
646 1388 848 1433 Graecus
870 1387 1065 1434 exstitit.
1088 1389 1256 1435 Morem
1277 1399 1433 1436 autem

81 1466 380 1510 Homericum
405 1463 658 1526 significari
685 1478 711 1508 a
736 1462 934 1526 Virgilio
956 1479 1009 1509 eo
1037 1464 1342 1512 verisimilius
1363 1474 1435 1513 est

81 1539 205 1601 quod
229 1539 413 1586 heroica
437 1547 583 1585 aetate
610 1539 780 1586 Aeneis
804 1544 1065 1586 versetur¹.

146 1617 318 1680 Operae
338 1617 541 1678 pretium
562 1622 649 1673 est,
672 1614 870 1677 exempli
893 1615 1059 1677 gratia,
1086 1616 1354 1664 Lersehium
1376 1618 1432 1666 de

79 1701 248 1753 sceptro
279 1692 593 1755 disputantem
624 1690 802 1737 audire.
834 1692 1081 1754 Postquam
1108 1691 1270 1740 docuit
1297 1711 1430 1757 scep-

81 1777 153 1815 tro
178 1776 223 1815 et
248 1783 419 1815 corona
442 1767 700 1830 conjunctis
734 1767 910 1829 regiam
938 1768 1214 1830 dignitatem
1245 1770 1431 1818 duobus

141 1939 175 1975 1.
206 1934 374 1983 Revera,
405 1931 517 1986 prior
536 1929 656 1971 locus
685 1939 739 1972 est
762 1933 954 1982 antiquus
972 1944 1063 1982 ayer
1082 1945 1163 1972 non
1187 1932 1237 1972 ad
1257 1947 1431 1975 consue-

81 1991 265 2032 tudinem
289 1990 466 2045 aliquam
486 1991 715 2030 Romanam
745 1989 907 2029 videtur
936 1988 1132 2043 alludere,
1160 1992 1232 2032 sed
1263 2007 1309 2033 ex
1338 1994 1430 2048 ipsa

82 2050 190 2091 Latii
213 2049 395 2101 historia,
412 2048 574 2102 qualem
597 2047 772 2089 Romani
796 2048 1012 2103 scriptores
1026 2050 1112 2102 jam
1134 2056 1220 2090 tum
1234 2053 1432 2094 confinxe-

83 2115 188 2161 rant,
213 2123 307 2149 vera
333 2107 448 2148 falsis
475 2107 751 2158 remiscentes,
789 2107 934 2147 ductus
956 2115 1030 2148 est.
1058 2109 1199 2163 Neque
1231 2110 1339 2151 enim
1367 2119 1430 2153 est

84 2182 154 2209 cur
173 2168 240 2208 hic
257 2166 394 2208 Servio
415 2165 537 2206 fidem
560 2166 807 2219 denegemus
830 2165 887 2205 ita
902 2166 1113 2206 annotanti
1140 2179 1148 2206 ε
1166 2184 1189 2202 ε(
1205 2167 1300 2209 Cato
1319 2170 1427 2210 enim

85 2226 129 2266 in
153 2227 379 2278 Oriyinibus
403 2224 502 2265 dicit
525 2225 726 2279 Trojanos
749 2238 772 2263 a
793 2225 940 2264 Latino
961 2226 1164 2279 accepisse
1194 2240 1338 2279 agrum
1360 2229 1432 2283 qui

85 2292 146 2326 est
167 2286 273 2325 inter
294 2286 543 2324 Laurentum
556 2291 594 2340 et
617 2289 746 2323 castra
769 2283 957 2337 Trojana.
974 2282 1091 2333 Quod
1102 2283 1152 2323 ad
1163 2286 1428 2338 posteriorem

84 2344 217 2385 locum
250 2343 406 2394 attinet,
437 2345 605 2394 Insuper
631 2344 759 2383 hia...
784 2341 872 2396 ipse
906 2342 1071 2383 Servius
1097 2355 1181 2382 rem
1205 2343 1362 2385 videtur
1384 2346 1428 2386 in

83 2402 275 2456 ambiguo
299 2402 525 2455 relinquere
548 2407 686 2440 utrum
709 2400 912 2441 homerica
933 2401 1232 2455 perstringatur
1255 2417 1428 2445 consue-

80 2462 178 2502 tudo
201 2476 252 2502 an
276 2474 442 2500 romana
465 2473 473 2500 z
503 2478 524 2496 <t
546 2473 633 2500 mos
657 2461 802 2511 fuerat,
825 2459 896 2509 ait,
927 2467 972 2500 ut
1004 2460 1101 2499 viris
1141 2460 1312 2502 fortibus
1342 2464 1426 2505 sive

82 2520 147 2574 (al.
173 2520 303 2573 atque)
328 2519 494 2572 regibus
518 2532 590 2573 pro
615 2518 768 2558 honore
794 2517 959 2558 daretur
992 2518 1130 2572 aliqua
1160 2519 1315 2573 publici
1337 2523 1426 2576 agri

77 2579 292 2634 particula,
321 2586 367 2618 ut
395 2577 539 2618 habuit
570 2576 820 2631 Tarquinius
849 2577 1059 2631 Superbus
1084 2576 1127 2616 in
1150 2591 1290 2634 campo
1311 2581 1425 2621 Mar-

78 2638 150 2691 tio,
172 2637 280 2692 quod
305 2637 481 2692 spatium
505 2636 555 2677 ab
579 2637 753 2676 Homero
774 2636 914 2686 τέμενος
938 2636 1154 2677 dicitur....
1180 2656 1216 2677 n.
