1758 2903
618 152 829 188 -99-

25 239 135 285 'ciis
163 238 426 301 assignatus
454 237 753 296 describitur,
784 252 931 300 quum
965 235 1092 300 apud
1133 238 1391 283 Homerum

48 331 204 362 carcer
226 316 444 362 Titanum
475 314 536 360 sit
558 330 611 361 ac
641 315 1025 360 Centimanorum
1049 330 1059 358 :
1086 312 1392 377 philosopho-

49 407 155 437 rum
194 389 375 437 scilicet
409 405 461 436 ac
497 390 700 436 maxime
733 389 938 436 Platonis
978 388 1241 436 doctrinam
1266 391 1392 437 Maro

49 467 205 513 refert.
233 466 439 513 Primum
473 474 627 512 autem
659 465 952 529 supplicium
975 473 1046 511 est
1067 481 1176 512 suas
1210 465 1394 512 fraudes

50 544 199 601 fateri,
235 558 320 589 nec
355 542 504 589 ullum
544 543 895 600 interanimas,
939 550 1077 604 prout
1108 542 1287 589 nobiles
1314 552 1397 589 aut

50 618 256 682 plebeiae
275 619 464 678 fuerint,
490 618 766 674 discrimen,
795 626 957 664 contra
984 618 1109 681 apud
1135 620 1390 666 Homerum

48 712 226 760 poenae
262 705 441 743 tantum
476 712 502 742 a
531 696 741 759 perjurio
766 704 810 742 et
833 711 860 741 a
886 694 1134 742 rebellione
1168 705 1395 757 expetun-

52 773 170 818 tur¹.
201 775 302 820 Jam
332 772 505 819 scelera
526 772 594 818 ibi
621 771 888 833 plectuntur
913 787 1033 835 quae
1060 772 1150 818 nisi
1177 787 1204 818 a
1225 774 1393 820 Roma-

53 849 128 894 nis
156 848 338 895 admitti
364 857 552 911 potuere
590 865 599 893 :

236 981 314 1023 Hic
335 981 557 1037 quibus...

593 1045 633 1080 et
652 1040 764 1080 fraus
788 1039 934 1095 innexa
953 1038 1128 1080 clienti2.

117 1165 320 1213 Ubinam
353 1165 482 1212 enim
510 1164 601 1211 nisi
646 1138 814 1212 Romae
853 1164 1048 1211 clientes
1084 1179 1137 1210 ac
1175 1174 1395 1226 patronos

50 1243 300 1290 invenias?
343 1243 532 1290 Constat
581 1251 736 1288 autem
781 1241 974 1288 clientes
1026 1242 1090 1287 ita
1132 1242 1180 1286 in
1219 1241 1396 1287 honore

51 1320 236 1368 habitos
274 1319 436 1377 fuisse,
472 1320 537 1365 ita
569 1317 665 1382 lege
690 1320 899 1365 Romana
937 1316 1152 1364 defensos
1193 1325 1243 1363 ut
1275 1318 1397 1363 inter

45 1397 388 1462 Jureconsultos
437 1394 494 1442 de
536 1394 686 1459 gradu
733 1403 872 1456 atque
921 1392 1088 1440 ordine
1131 1393 1399 1440 officiorum

50 1475 347 1537 disputantes
374 1474 387 1497 ³
426 1472 694 1519 conveniret
737 1472 945 1534 primum
998 1470 1131 1532 juxta
1182 1478 1398 1532 parentes

51 1551 207 1598 locum
230 1557 389 1596 tenere
413 1548 618 1613 pupillos
638 1548 823 1607 debere,
854 1546 1118 1594 secundum
1144 1563 1221 1593 eos
1243 1546 1396 1610 proxi-

53 1643 186 1675 mum
212 1625 369 1674 locum
408 1625 601 1672 clientes
644 1624 844 1683 habere3
886 1631 988 1671 tum
1024 1624 1073 1670 in
1118 1624 1254 1670 tertio
1296 1624 1395 1670 loco

52 1721 158 1752 esse
206 1704 444 1767 hospites,
491 1712 650 1766 postea
691 1717 793 1748 esse
838 1708 1060 1765 cognatos
1116 1700 1396 1762 affinesque.

52 1783 184 1845 Ipsae
204 1780 393 1827 tandem
425 1778 673 1826 duodecim
699 1777 884 1824 tabulae
908 1778 977 1823 sic
1002 1776 1236 1823 ferebant:
1272 1794 1293 1821 c<
1318 1778 1400 1823 Pa-

52 1866 217 1904 tronus
256 1857 298 1902 si
338 1856 550 1903 clientem
573 1853 786 1901 fraudem
814 1854 940 1912 faxit,
971 1868 1098 1899 sacer
1124 1860 1223 1899 esto
1251 1872 1272 1894 »
1302 1868 1311 1899 :
1339 1852 1402 1898 ita

54 1942 107 1980 ut
129 1931 354 1996 Virgilius
387 1951 409 1975 «
439 1931 625 1978 tabulas
662 1945 853 1993 peccare
880 1930 1108 1976 vetantes*
1136 1949 1158 1971 2>
1187 1927 1403 1975 videatur

53 2009 269 2057 versibus
292 2007 593 2071 perscribere.
609 2010 723 2055 Tum
747 2007 784 2053 si
805 2006 930 2070 leges
957 2024 979 2051 ((
1004 2007 1177 2069 quique
1197 2005 1255 2052 ob
1273 2004 1403 2052 adul-

54 2087 225 2135 terium
247 2086 367 2133 caesi
386 2101 430 2144 »,
461 2101 552 2132 non
582 2093 711 2148 potes
740 2100 832 2131 non
866 2083 1137 2130 meminisse
1164 2081 1289 2146 apud
1311 2083 1400 2129 Ro-

54 2179 218 2211 manos
249 2162 395 2209 solere
426 2161 662 2209 adulteros
694 2160 832 2225 virgis
865 2159 994 2207 caedi
1012 2162 1040 2207 ⁵.
1068 2162 1169 2207 Jam
1209 2159 1285 2206 ille
1318 2159 1400 2222 qui

53 2255 227 2305 poenas
253 2238 335 2286 dat
359 2239 471 2302 quia

113 2417 147 2452 l.
179 2411 240 2453 Cf.
257 2411 437 2461 Martha,
462 2402 585 2451 Etude
604 2422 677 2450 sur
701 2410 874 2459 Lucrece,
897 2421 941 2461 p.
975 2412 1062 2448 123.

108 2475 146 2510 2.
177 2472 270 2512 Aen.
293 2472 365 2521 VI,
389 2474 482 2511 609.

108 2534 147 2569 3.
179 2528 238 2570 Cf.
266 2531 316 2570 A.
340 2529 390 2570 G.
417 2529 468 2577 V,
491 2540 525 2569 c.
550 2539 643 2568 xffl.

107 2593 147 2627 li.
178 2587 295 2639 Hor.‚
320 2589 395 2638 Ερ.
420 2587 476 2635 H,
507 2592 540 2638 1,
569 2590 634 2624 23.

110 2651 146 2686 5.
179 2645 238 2688 Cf.
254 2646 408 2700 Saglio‚
432 2647 528 2685 Βία.
555 2647 618 2684 des
644 2645 793 2696 Διαίῳ,
817 2641 1146 2694 Adulterium,p.
1173 2645 1237 2681 85.
1260 2640 1403 2690 Quint.

0 2705 3 2710 '
55 2705 132 2754 111,
160 2710 197 2755 6,
229 2711 300 2745 17:
325 2722 346 2740 «
366 2705 508 2758 τρόπον,
543 2716 669 2756 quum
700 2701 756 2750 id,
791 2700 899 2755 quod
931 2703 1010 2742 alio
1035 2702 1150 2741 modo
1180 2699 1267 2739 [ieri
1295 2699 1405 2749 licet,
