1758 2903
830 71 1068 107 —120—

285 160 464 206 nentis:
499 156 835 220 praecedebant
858 158 1097 221 incompta
1122 155 1279 220 signa,
1310 156 1430 203 versi
1459 155 1578 203 faces
1591 158 1621 202 ¹.

286 236 382 281 Non
402 241 554 280 tamen
580 249 724 281 causa
746 241 816 280 est
831 250 915 280 cur
926 234 1153 281 affirmem
1179 240 1363 297 poetam
1383 232 1439 280 ad
1459 249 1626 296 aequa-

283 312 396 358 lium
442 326 597 357 mores
642 311 942 374 potissimum
987 311 1271 374 respexisse;
1324 325 1529 372 namque
1576 318 1629 356 ut

284 386 408 450 apud
436 389 689 434 Homerum
727 386 1014 435 consuetudo
1045 402 1281 433 armorum
1320 386 1367 432 in
1396 385 1628 449 exsequiis

280 463 614 511 vertendorum
661 480 755 510 non
805 464 1035 523 occurrit,
1083 463 1149 509 ita
1193 463 1486 509 veterrimam
1528 477 1629 508 esse

280 547 475 587 testatur
497 557 684 588 carmen
726 540 1018 604 Bacchylidis
1056 539 1115 587 ab
1150 540 1251 603 ipso
1280 539 1439 586 Servio
1467 537 1629 585 lauda-

280 625 398 679 tum,
428 617 473 664 in
512 633 605 679 quo
638 626 682 664 et
718 616 940 676 Arcades,
971 632 1062 663 non
1093 615 1254 662 hastas
1291 613 1501 679 quidem,
1546 613 1628 661 sed

282 704 416 741 scuta
445 695 682 742 invertunt
723 714 745 738 «
774 703 965 758 propter
990 693 1185 740 numina
1209 692 1304 739 illic
1342 691 1545 755 depicta3
1574 706 1631 737 ne

283 787 443 818 eorum
474 771 728 818 simulacra
751 770 990 818 cadaveris
1015 778 1206 833 aspectu
1239 768 1562 830 polluerentur
1581 786 1629 814 ».

287 848 439 895 Liceat
475 849 729 911 suspicari,
759 848 973 910 quamvis
1000 848 1132 893 aliter
1170 847 1502 910 interpretetur
1523 845 1633 891 Ser-.

287 925 410 983 vius,
431 924 487 971 ad
506 924 714 972 dolorem
741 923 1073 971 declarandum
1099 923 1227 970 hunc
1247 937 1433 986 quoque
1454 936 1631 968 morem

285 999 512 1056 valuisse;
540 1001 605 1047 ita
629 1002 753 1048 enim
776 1009 943 1048 natura
967 1001 1271 1047 constitutum
1296 1006 1367 1046 est
1389 1007 1440 1046 ut
1464 999 1503 1044 si
1524 998 1632 1061 quis

287 1076 359 1122 vel
382 1076 510 1124 color
521 1077 595 1123 vel
610 1077 800 1124 habitus
816 1077 1021 1125 laetitiae
1040 1076 1430 1140 significationem
1445 1073 1631 1133 habeat,

288 1153 333 1198 in
361 1155 653 1201 contrarium
684 1156 849 1202 maesti
875 1170 928 1201 ac
950 1154 1161 1218 lugentes
1185 1160 1434 1199 mutemus.

351 1231 469 1276 Tum
497 1246 607 1277 vero
629 1232 810 1278 Aeneas
834 1247 860 1278 a
883 1246 1075 1294 corpore
1100 1228 1375 1277 discedens:

668 1347 784 1390 Salve
802 1354 1010 1389 aeternum
1033 1346 1151 1399 mihi,
1173 1345 1346 1387 maxime
1368 1345 1486 1387 Palla

447 1416 752 1469 Aeternumque
772 1413 900 1456 vale2.

289 1521 413 1585 quod
431 1537 582 1585 neque
604 1521 664 1569 ab
684 1522 869 1569 heroico
896 1536 1024 1567 more
1050 1536 1198 1582 neque
1214 1535 1241 1566 a
1261 1522 1470 1566 Romano
1486 1534 1638 1582 neque

289 1600 482 1646 omnino
523 1614 550 1645 a
582 1601 824 1645 communi
850 1597 1134 1661 populorum
1161 1595 1349 1643 videtur
1377 1594 1640 1659 discrepare

292 1677 467 1739 Pompa
494 1683 647 1722 autem
683 1674 741 1721 ad
766 1674 929 1722 urbem
959 1673 1368 1737 appropinquante
1396 1687 1407 1718 ε

449 1791 629 1832 Arcades
648 1791 700 1832 ad
721 1797 860 1846 portas
889 1803 1006 1831 ruere
1030 1795 1069 1830 et
1091 1787 1140 1829 de
1163 1801 1273 1829 more
1295 1793 1453 1829 vetusto

453 1858 659 1898 Funereas
683 1870 852 1912 rapuere
871 1855 977 1896 faces
988 1855 1019 1897 ³.

293 1966 480 2012 Servius
510 1964 586 2012 hic
626 1966 884 2011 Varronem
913 1971 957 2010 et
987 1962 1226 2010 Valerium
1253 1961 1468 2008 Flaccum
1504 1966 1644 2008 testes

294 2041 496 2097 adhibet,
525 2057 632 2088 eum
654 2055 831 2087 morem
856 2039 981 2102 apud
1001 2041 1233 2086 Romanos
1265 2037 1411 2084 fuisse
1436 2045 1489 2084 ut
1511 2039 1643 2085 sicui

296 2119 424 2166 filius
447 2126 572 2165 extra
583 2116 748 2164 urbem
775 2115 1067 2172 decessisset,
1095 2130 1265 2178 corpus
1287 2112 1374 2160 sub
1391 2121 1575 2161 noctem
1594 2115 1644 2161 in

296 2195 461 2242 urbem
477 2211 584 2242 cum
603 2194 750 2241 cereis
770 2191 950 2240 facibus
974 2190 1353 2255 praelucentibus
1377 2190 1642 2237 inferretur.

296 2271 382 2319 Sed
409 2272 509 2335 ipse
534 2278 671 2334 poeta
697 2268 880 2316 videtur
919 2284 1105 2317 omnem
1146 2266 1490 2314 dubitationem
1533 2265 1642 2313 dili-

293 2355 456 2412 genter
496 2347 774 2403 sustulisse3
819 2361 964 2409 neque
998 2346 1128 2392 enim
1166 2342 1307 2391 verba
1352 2363 1375 2386 «
1419 2341 1476 2390 de
1517 2357 1648 2389 more

300 2432 477 2472 vetusto
529 2443 551 2467 n
592 2423 931 2486 usurpavisset,
978 2422 1071 2468 nisi
1121 2421 1349 2468 voluisset
1395 2418 1646 2466 admonere

357 2575 390 2609 1.
420 2573 529 2620 Tac.,
552 2572 655 2609 Arm.
681 2568 758 2617 ΙΙΙ,
783 2573 823 2608 2.
845 2565 903 2608 Cf.
931 2564 1068 2619 ovid„
1095 2566 1246 2607 Consol.
1268 2566 1320 2606 ad
1347 2566 1446 2617 Liv.,
1476 2567 1569 2614 142.-

352 2634 390 2668 2.
421 2631 516 2668 Aen.
541 2628 613 2681 XI⁷
638 2633 703 2668 97.
742 2651 794 2662 -ι-
824 2631 861 2667 3.
900 2630 986 2666 142.
