1758 2903
939 175 991 183 ..
1018 152 1069 194 98
1102 176 1150 184 -

439 241 527 297 Qui
563 240 693 288 locus
731 241 942 304 proxime
978 240 1037 288 ad
1070 244 1364 290 Homericam
1404 242 1461 290 de
1488 243 1648 292 inferis
1677 252 1724 294 et

368 319 637 364 animarum
666 325 788 365 sorte
821 318 1094 381 opinionem
1119 320 1312 367 accedit.
1339 324 1444 370 Jam
1477 321 1605 367 enim
1641 321 1731 368 he-

371 393 497 441 roica
536 402 682 441 aetate
723 394 1075 442 arbitrabantur
1106 399 1265 444 Iovem
1293 405 1564 461 ceterosque
1594 400 1716 446 Deos
1751 411 1758 420 ¹

369 488 454 535 per
500 473 707 536 Stygiam
760 472 981 536 paludem
1031 476 1252 537 Jurare¹3
1312 479 1412 538 jam
1468 473 1724 522 commenti

369 560 499 595 erant
525 565 616 595 non
645 565 781 613 posse
804 550 1010 609 animas,
1029 550 1121 595 nisi
1147 548 1332 613 sepulto
1354 566 1569 613 corpore,
1596 550 1722 597 intra

370 626 541 672 Orcum
575 625 737 689 recipi,
784 623 1022 688 siquidem
1052 625 1290 673 Patroclus
1324 625 1559 674 Achillem
1594 625 1721 691 apud

370 702 623 749 Homerum
645 701 708 748 ita
730 701 1015 765 alloquatur.

527 823 654 863 Θάπτε
674 841 716 874 με
740 824 815 863 δ’ττι
837 824 910 876 τάχ
914 839 1004 875 ιστα,
1027 824 1140 867 πύλας
1176 822 1292 863 Ἀΐδαο
1313 824 1461 877 περήσω
1473 825 1504 866 ².

433 938 587 985 Simili
614 946 767 985 autem
790 954 924 1002 prece
943 937 1190 985 Palinurus
1210 939 1398 985 Aenean
1414 937 1717 1002 aggreditur:

472 1061 596 1116 Eripe
612 1075 674 1102 me
694 1061 775 1112 his,
799 1061 964 1113 invicte,
986 1060 1106 1102 malis
1133 1073 1140 1100 :
1161 1066 1231 1101 aut
1247 1067 1293 1101 tu
1317 1059 1419 1101 mihi
1442 1067 1593 1102 terram

472 1127 689 1182 Injice³....

431 1246 520 1293 Ubi
545 1248 735 1293 Servius
763 1262 774 1291 z
815 1265 838 1288 <c
863 1248 1029 1293 Terrae
1061 1253 1217 1293 autem
1244 1246 1428 1309 injectio
1455 1244 1717 1294 secundum
1755 1284 1758 1292 .

366 1323 685 1386 pontificalem
713 1324 855 1370 ritum
880 1331 1061 1386 poterat
1088 1323 1188 1370 steri
1213 1331 1257 1371 et
1282 1324 1405 1371 circa
1426 1323 1653 1371 cadavera
1672 1332 1718 1372 et
1754 1336 1758 1406 l

364 1402 490 1447 circa
533 1401 800 1448 absentium
843 1416 1038 1464 corpora
1079 1398 1372 1463 quibusdam
1423 1398 1716 1448 solemnibus
1750 1409 1758 1457 i

365 1477 509 1523 sacris
537 1495 579 1523 ».
611 1475 701 1523 Sed
728 1484 780 1523 ut
803 1476 986 1523 heroica
1019 1484 1166 1523 aetate
1192 1475 1405 1522 nondum
1437 1481 1608 1522 terram
1638 1476 1717 1523 in-

358 1554 503 1616 jicere
527 1552 727 1600 solerent
745 1553 917 1617 (neque
938 1554 1065 1600 enim
1091 1553 1178 1601 sibi
1199 1562 1250 1601 ut
1268 1552 1424 1616 pulvis
1447 1552 1710 1616 injiciatur,

362 1628 443 1676 red
493 1639 544 1676 ut
595 1629 805 1676 tumulus
855 1631 1167 1676 constituatur
1187 1667 1200 1688 ‚
1253 1629 1456 1693 Elpenor
1493 1628 1712 1692 Ulyssem
1746 1630 1758 1655 ²

363 1706 932 1768 rogat)‚consuetudinem
955 1707 1074 1753 lianc
1095 1717 1189 1753 tota
1211 1706 1490 1769 antiquita⁴e
1503 1705 1713 1770 viguisse

362 1798 385 1827 e
415 1781 530 1828 locis
558 1798 701 1845 paene
728 1782 1160 1830 innumerabilibus
1186 1784 1406 1829 constat‘.

428 1858 561 1914 Quod
607 1859 645 1904 si
692 1858 862 1906 inferos
909 1859 1040 1922 ipsos
1073 1859 1276 1922 ingressi
1319 1858 1523 1918 erimus,
1564 1857 1714 1906 multa

363 1934 553 1996 quidem
576 1938 785 1982 Romana
808 1935 1242 1999 circumspiciemus
1267 1951 1278 1982 :
1302 1935 1472 1995 Minoe,
1486 1936 1714 1997 quaesitor

360 2013 530 2067 fuctus,
565 2011 804 2074 Judicum,
834 2012 916 2074 qui
962 2027 1125 2059 secum
1172 2010 1228 2058 de
1269 2011 1469 2058 mortuis
1509 2026 1710 2075 cognos-

360 2094 485 2146 cant,
508 2088 699 2134 nomina
729 2089 779 2133 in
812 2103 981 2134 urnam
1010 2091 1218 2150 conjecta
1252 2095 1377 2134 sorte
1405 2085 1569 2147 ducit3
1608 2086 1710 2136 dies

359 2172 515 2212 autem
550 2180 602 2210 eo
633 2163 773 2210 modo
807 2180 902 2226 quo
939 2164 1065 2226 apud
1100 2166 1353 2224 RomanOS,
1390 2162 1634 2222 definitur,
1664 2164 1706 2211 si

362 2240 553 2303 quidem
578 2240 812 2287 Macrobio
846 2251 891 2287 et
918 2241 973 2287 A.
1005 2240 1152 2289 Gellio
1177 2239 1532 2304 disputantibus
1568 2239 1706 2287 adhi-

362 2317 513 2365 benda
534 2318 594 2363 sit
617 2316 732 2363 fides
749 2319 778 2364 ⁵.
800 2319 917 2364 Tum
941 2318 1159 2364 Tartarus
1186 2317 1327 2381 quasi
1357 2316 1490 2364 locus
1517 2316 1705 2381 suppli-

420 2470 451 2504 1.
485 2464 740 2514 011.V,185.

414 2528 450 2562 2.
484 2525 531 2563 Ιι.
554 2523 708 2574 XXIII,
732 2527 795 2562 71.

413 2587 451 2621 3.
483 2584 578 2622 Aen.
604 2582 674 2633 VI,
703 2586 792 2622 365.

413 2645 451 2680 ¹2.
486 2640 629 2696 Soph.‚
650 2643 779 2692 Antis).
808 2644 899 2681 256.

416 2704 452 2739 5.
484 2698 542 2740 Cf.
568 2713 703 2754 supra,
725 2713 765 2754 p.
790 2705 825 2739 2.
