<?xml version="1.0" encoding="UTF-8"?>
<!DOCTYPE html PUBLIC "-//W3C//DTD XHTML 1.0 Transitional//EN"
    "http://www.w3.org/TR/xhtml1/DTD/xhtml1-transitional.dtd">
<html xmlns="http://www.w3.org/1999/xhtml" xml:lang="en" lang="en">
 <head>
  <title>
</title>
<meta http-equiv="Content-Type" content="text/html;charset=utf-8" />
  <meta name='ocr-system' content='tesseract 3.04.00' />
  <meta name='ocr-capabilities' content='ocr_page ocr_carea ocr_par ocr_line ocrx_word'/>
</head>
<body>
  <div class='ocr_page' id='page_1' title='image "./demorumindoleinv00bouguoft_0162.png"; bbox 0 0 1758 2903; ppageno 0'>
   <div class='ocr_carea' id='block_1_1' title="bbox 788 142 1031 178">
    <p class='ocr_par' dir='ltr' id='par_1_1' title="bbox 788 142 1031 178">
     <span class='ocr_line' id='line_1_1' title="bbox 788 142 1031 178; baseline -0.004 0"><span class='ocrx_word' id='word_1_1' title='bbox 788 142 1031 178; x_wconf 83' lang='lat'>—136·—</span> 
     </span>
    </p>
   </div>
   <div class='ocr_carea' id='block_1_2' title="bbox 231 227 1702 293">
    <p class='ocr_par' dir='ltr' id='par_1_2' title="bbox 231 227 1702 293">
     <span class='ocr_line' id='line_1_2' title="bbox 231 227 1702 293; baseline 0.001 -16"><span class='ocrx_word' id='word_1_2' title='bbox 231 230 357 278; x_wconf 84' lang='lat' dir='ltr'><strong>ldem</strong></span> <span class='ocrx_word' id='word_1_3' title='bbox 398 245 506 276; x_wconf 88' lang='lat' dir='ltr'><strong>cum</strong></span> <span class='ocrx_word' id='word_1_4' title='bbox 534 227 698 276; x_wconf 90' lang='lat' dir='ltr'><strong>eodem</strong></span> <span class='ocrx_word' id='word_1_5' title='bbox 729 229 844 288; x_wconf 51' lang='grc' dir='ltr'><strong>’νὴ-ο,</strong></span> <span class='ocrx_word' id='word_1_6' title='bbox 873 238 1140 293; x_wconf 83' lang='lat' dir='ltr'><strong>querutum</strong></span> <span class='ocrx_word' id='word_1_7' title='bbox 1187 230 1453 288; x_wconf 81' lang='lat' dir='ltr'><strong>miseratur,</strong></span> <span class='ocrx_word' id='word_1_8' title='bbox 1481 247 1583 279; x_wconf 85' lang='lat' dir='ltr'><strong>ma-</strong></span> <span class='ocrx_word' id='word_1_9' title='bbox 1651 243 1702 271; x_wconf 68' lang='grc' dir='ltr'><strong>ἵ.-</strong></span> 
     </span>
    </p>
   </div>
   <div class='ocr_carea' id='block_1_3' title="bbox 231 305 1087 365">
    <p class='ocr_par' dir='ltr' id='par_1_3' title="bbox 231 305 1087 365">
     <span class='ocr_line' id='line_1_3' title="bbox 231 305 1087 365; baseline 0.001 -14"><span class='ocrx_word' id='word_1_10' title='bbox 231 321 345 352; x_wconf 88' lang='lat' dir='ltr'><strong>num</strong></span> <span class='ocrx_word' id='word_1_11' title='bbox 369 315 689 365; x_wconf 70' lang='lat' dir='ltr'><strong>conserturus,</strong></span> <span class='ocrx_word' id='word_1_12' title='bbox 716 305 1055 352; x_wconf 72' lang='lat' dir='ltr'><strong>exclamaverat</strong></span> <span class='ocrx_word' id='word_1_13' title='bbox 1077 321 1087 352; x_wconf 93' lang='lat'><strong>:</strong></span> 
     </span>
    </p>
   </div>
   <div class='ocr_carea' id='block_1_4' title="bbox 525 419 1465 479">
    <p class='ocr_par' dir='ltr' id='par_1_4' title="bbox 525 419 1465 479">
     <span class='ocr_line' id='line_1_4' title="bbox 525 419 1465 479; baseline 0.003 -18"><span class='ocrx_word' id='word_1_14' title='bbox 525 420 724 479; x_wconf 76' lang='lat' dir='ltr'><strong>Cuperem</strong></span> <span class='ocrx_word' id='word_1_15' title='bbox 749 419 840 475; x_wconf 87' lang='lat' dir='ltr'><strong>ipse</strong></span> <span class='ocrx_word' id='word_1_16' title='bbox 859 434 1007 475; x_wconf 86' lang='lat' dir='ltr'><strong>parens</strong></span> <span class='ocrx_word' id='word_1_17' title='bbox 1028 427 1229 475; x_wconf 85' lang='lat' dir='ltr'><strong>spectator</strong></span> <span class='ocrx_word' id='word_1_18' title='bbox 1256 420 1465 464; x_wconf 88' lang='lat' dir='ltr'><strong>adesset¹!</strong></span> 
     </span>
    </p>
   </div>
   <div class='ocr_carea' id='block_1_5' title="bbox 231 525 1581 590">
    <p class='ocr_par' dir='ltr' id='par_1_5' title="bbox 231 511 1710 600">
     <span class='ocr_line' id='line_1_5' title="bbox 231 525 1581 590; baseline 0.001 -17"><span class='ocrx_word' id='word_1_19' title='bbox 231 528 358 583; x_wconf 86' lang='lat' dir='ltr'><strong>Quae</strong></span> <span class='ocrx_word' id='word_1_20' title='bbox 377 542 483 584; x_wconf 84' lang='lat' dir='ltr'><strong>vox,</strong></span> <span class='ocrx_word' id='word_1_21' title='bbox 514 527 553 572; x_wconf 86' lang='lat' dir='ltr'><strong>si</strong></span> <span class='ocrx_word' id='word_1_22' title='bbox 579 526 854 590; x_wconf 77' lang='lat' dir='ltr'><strong>cogitaveris</strong></span> <span class='ocrx_word' id='word_1_23' title='bbox 878 531 1090 588; x_wconf 79' lang='lat' dir='ltr'><strong>juvenem</strong></span> <span class='ocrx_word' id='word_1_24' title='bbox 1111 525 1225 572; x_wconf 89' lang='lat' dir='ltr'><strong>belli</strong></span> <span class='ocrx_word' id='word_1_25' title='bbox 1254 526 1416 573; x_wconf 89' lang='lat' dir='ltr'><strong>rudem</strong></span> <span class='ocrx_word' id='word_1_26' title='bbox 1437 527 1581 575; x_wconf 86' lang='lat' dir='ltr'><strong>aviro</strong></span> 
     </span>
    </p>
   </div>
   <div class='ocr_carea' id='block_1_6' title="bbox 228 601 1600 1124">
    <p class='ocr_par' dir='ltr' id='par_1_6' title="bbox 228 601 1600 1124">
     <span class='ocr_line' id='line_1_6' title="bbox 230 601 1580 666; baseline 0 -17"><span class='ocrx_word' id='word_1_27' title='bbox 230 610 457 666; x_wconf 79' lang='lat' dir='ltr'><strong>spectatae</strong></span> <span class='ocrx_word' id='word_1_28' title='bbox 475 601 665 648; x_wconf 84' lang='lat' dir='ltr'><strong>virtutis</strong></span> <span class='ocrx_word' id='word_1_29' title='bbox 691 618 744 649; x_wconf 88' lang='lat' dir='ltr'><strong>ac</strong></span> <span class='ocrx_word' id='word_1_30' title='bbox 767 602 954 666; x_wconf 78' lang='lat' dir='ltr'><strong>peritiae</strong></span> <span class='ocrx_word' id='word_1_31' title='bbox 981 603 1045 649; x_wconf 80' lang='lat' dir='ltr'><strong>ita</strong></span> <span class='ocrx_word' id='word_1_32' title='bbox 1068 602 1319 665; x_wconf 84' lang='lat' dir='ltr'><strong>increpari,</strong></span> <span class='ocrx_word' id='word_1_33' title='bbox 1345 604 1467 651; x_wconf 90' lang='lat' dir='ltr'><strong>nihil</strong></span> <span class='ocrx_word' id='word_1_34' title='bbox 1495 620 1580 651; x_wconf 84' lang='lat' dir='ltr'><strong>au-</strong></span> 
     </span>
     <span class='ocr_line' id='line_1_7' title="bbox 235 677 1582 744; baseline 0.002 -20"><span class='ocrx_word' id='word_1_35' title='bbox 235 689 323 725; x_wconf 86' lang='lat' dir='ltr'><strong>tem</strong></span> <span class='ocrx_word' id='word_1_36' title='bbox 336 677 603 725; x_wconf 87' lang='lat' dir='ltr'><strong>Evandrum</strong></span> <span class='ocrx_word' id='word_1_37' title='bbox 620 678 845 726; x_wconf 85' lang='lat' dir='ltr'><strong>adversus</strong></span> <span class='ocrx_word' id='word_1_38' title='bbox 862 680 1073 726; x_wconf 89' lang='lat' dir='ltr'><strong>Turnum</strong></span> <span class='ocrx_word' id='word_1_39' title='bbox 1089 679 1334 726; x_wconf 83' lang='lat' dir='ltr'><strong>admisisse</strong></span> <span class='ocrx_word' id='word_1_40' title='bbox 1354 680 1479 744; x_wconf 92' lang='lat' dir='ltr'><strong>quod</strong></span> <span class='ocrx_word' id='word_1_41' title='bbox 1495 680 1582 727; x_wconf 81' lang='lat' dir='ltr'><strong>filii</strong></span> 
     </span>
     <span class='ocr_line' id='line_1_8' title="bbox 232 753 1579 814; baseline 0.001 -13"><span class='ocrx_word' id='word_1_42' title='bbox 232 762 380 802; x_wconf 92' lang='lat' dir='ltr'><strong>morte</strong></span> <span class='ocrx_word' id='word_1_43' title='bbox 402 755 530 801; x_wconf 89' lang='lat' dir='ltr'><strong>luere</strong></span> <span class='ocrx_word' id='word_1_44' title='bbox 551 753 732 814; x_wconf 88' lang='lat' dir='ltr'><strong>debeat,</strong></span> <span class='ocrx_word' id='word_1_45' title='bbox 761 755 914 802; x_wconf 90' lang='lat' dir='ltr'><strong>nescio</strong></span> <span class='ocrx_word' id='word_1_46' title='bbox 932 771 992 801; x_wconf 90' lang='lat' dir='ltr'><strong>an</strong></span> <span class='ocrx_word' id='word_1_47' title='bbox 1018 756 1144 801; x_wconf 90' lang='lat' dir='ltr'><strong>omni</strong></span> <span class='ocrx_word' id='word_1_48' title='bbox 1164 755 1350 802; x_wconf 90' lang='lat' dir='ltr'><strong>heroica</strong></span> <span class='ocrx_word' id='word_1_49' title='bbox 1375 755 1579 804; x_wconf 87' lang='lat' dir='ltr'><strong>crudeli-</strong></span> 
     </span>
     <span class='ocr_line' id='line_1_9' title="bbox 231 831 1579 895; baseline 0.002 -17"><span class='ocrx_word' id='word_1_50' title='bbox 231 841 323 878; x_wconf 84' lang='lat' dir='ltr'><strong>tate</strong></span> <span class='ocrx_word' id='word_1_51' title='bbox 352 833 414 878; x_wconf 87' lang='lat' dir='ltr'><strong>sit</strong></span> <span class='ocrx_word' id='word_1_52' title='bbox 436 831 680 878; x_wconf 85' lang='lat' dir='ltr'><strong>immitior.</strong></span> <span class='ocrx_word' id='word_1_53' title='bbox 711 831 937 878; x_wconf 86' lang='lat' dir='ltr'><strong>Didonem</strong></span> <span class='ocrx_word' id='word_1_54' title='bbox 962 848 1168 895; x_wconf 87' lang='lat' dir='ltr'><strong>quoque,</strong></span> <span class='ocrx_word' id='word_1_55' title='bbox 1194 848 1340 895; x_wconf 89' lang='lat' dir='ltr'><strong>quum</strong></span> <span class='ocrx_word' id='word_1_56' title='bbox 1365 832 1496 888; x_wconf 84' lang='lat' dir='ltr'><strong>furit,</strong></span> <span class='ocrx_word' id='word_1_57' title='bbox 1523 849 1579 881; x_wconf 87' lang='lat' dir='ltr'><strong>eo</strong></span> 
     </span>
     <span class='ocr_line' id='line_1_10' title="bbox 232 907 1600 972; baseline 0.003 -20"><span class='ocrx_word' id='word_1_58' title='bbox 232 907 447 956; x_wconf 82' lang='lat' dir='ltr'><strong>videmus</strong></span> <span class='ocrx_word' id='word_1_59' title='bbox 473 908 688 954; x_wconf 87' lang='lat' dir='ltr'><strong>saevitiae</strong></span> <span class='ocrx_word' id='word_1_60' title='bbox 715 907 922 970; x_wconf 88' lang='lat' dir='ltr'><strong>quodam</strong></span> <span class='ocrx_word' id='word_1_61' title='bbox 957 916 1090 954; x_wconf 83' lang='lat' dir='ltr'><strong>aestu</strong></span> <span class='ocrx_word' id='word_1_62' title='bbox 1123 908 1293 972; x_wconf 84' lang='lat' dir='ltr'><strong>abripi,</strong></span> <span class='ocrx_word' id='word_1_63' title='bbox 1321 917 1372 956; x_wconf 88' lang='lat' dir='ltr'><strong>ut</strong></span> <span class='ocrx_word' id='word_1_64' title='bbox 1395 907 1600 956; x_wconf 84' lang='lat' dir='ltr'><strong>Hecuba·</strong></span> 
     </span>
     <span class='ocr_line' id='line_1_11' title="bbox 228 984 1583 1048; baseline 0.001 -17"><span class='ocrx_word' id='word_1_65' title='bbox 228 988 358 1048; x_wconf 75' lang='lat' dir='ltr'><strong>Jecur</strong></span> <span class='ocrx_word' id='word_1_66' title='bbox 380 984 580 1031; x_wconf 87' lang='lat' dir='ltr'><strong>Achillis</strong></span> <span class='ocrx_word' id='word_1_67' title='bbox 605 984 742 1031; x_wconf 89' lang='lat' dir='ltr'><strong>malis</strong></span> <span class='ocrx_word' id='word_1_68' title='bbox 768 984 991 1031; x_wconf 83' lang='lat' dir='ltr'><strong>conficere</strong></span> <span class='ocrx_word' id='word_1_69' title='bbox 1012 985 1222 1048; x_wconf 75' lang='lat' dir='ltr'><strong>cupiens,</strong></span> <span class='ocrx_word' id='word_1_70' title='bbox 1247 1001 1338 1032; x_wconf 89' lang='lat' dir='ltr'><strong>nou</strong></span> <span class='ocrx_word' id='word_1_71' title='bbox 1356 985 1583 1033; x_wconf 82' lang='lat' dir='ltr'><strong>atrociora</strong></span> 
     </span>
     <span class='ocr_line' id='line_1_12' title="bbox 234 1060 621 1124; baseline 0 -18"><span class='ocrx_word' id='word_1_72' title='bbox 234 1060 368 1108; x_wconf 87' lang='lat' dir='ltr'><strong>verba</strong></span> <span class='ocrx_word' id='word_1_73' title='bbox 390 1061 589 1124; x_wconf 80' lang='lat' dir='ltr'><strong>proferat</strong></span> <span class='ocrx_word' id='word_1_74' title='bbox 610 1080 621 1106; x_wconf 72' lang='lat' dir='ltr'>x</span> 
     </span>
    </p>
   </div>
   <div class='ocr_carea' id='block_1_7' title="bbox 313 1176 1496 1363">
    <p class='ocr_par' dir='ltr' id='par_1_7' title="bbox 313 1176 1475 1363">
     <span class='ocr_line' id='line_1_13' title="bbox 313 1176 1367 1232; baseline 0 -14"><span class='ocrx_word' id='word_1_75' title='bbox 313 1178 352 1218; x_wconf 90' lang='lat' dir='ltr'>N</span> <span class='ocrx_word' id='word_1_76' title='bbox 356 1191 407 1218; x_wconf 90' lang='lat' dir='ltr'><strong>on</strong></span> <span class='ocrx_word' id='word_1_77' title='bbox 422 1177 539 1232; x_wconf 90' lang='lat' dir='ltr'><strong>potui</strong></span> <span class='ocrx_word' id='word_1_78' title='bbox 561 1176 775 1232; x_wconf 87' lang='lat' dir='ltr'><strong>abreptum</strong></span> <span class='ocrx_word' id='word_1_79' title='bbox 795 1177 984 1218; x_wconf 89' lang='lat' dir='ltr'><strong>divellere</strong></span> <span class='ocrx_word' id='word_1_80' title='bbox 1005 1190 1167 1232; x_wconf 84' lang='lat' dir='ltr'><strong>corpus,</strong></span> <span class='ocrx_word' id='word_1_81' title='bbox 1186 1184 1225 1217; x_wconf 86' lang='lat' dir='ltr'><strong>et.</strong></span> <span class='ocrx_word' id='word_1_82' title='bbox 1243 1177 1367 1218; x_wconf 86' lang='lat' dir='ltr'><strong>undis</strong></span> 
     </span>
     <span class='ocr_line' id='line_1_14' title="bbox 315 1241 1416 1297; baseline -0.001 -14"><span class='ocrx_word' id='word_1_83' title='bbox 315 1242 530 1297; x_wconf 85' lang='lat' dir='ltr'><strong>Spargere,</strong></span> <span class='ocrx_word' id='word_1_84' title='bbox 552 1256 634 1283; x_wconf 90' lang='lat' dir='ltr'><strong>non</strong></span> <span class='ocrx_word' id='word_1_85' title='bbox 650 1242 796 1295; x_wconf 86' lang='lat' dir='ltr'><strong>socios,</strong></span> <span class='ocrx_word' id='word_1_86' title='bbox 813 1256 895 1283; x_wconf 89' lang='lat' dir='ltr'><strong>non</strong></span> <span class='ocrx_word' id='word_1_87' title='bbox 917 1241 1054 1297; x_wconf 87' lang='lat' dir='ltr'><strong>ipsum</strong></span> <span class='ocrx_word' id='word_1_88' title='bbox 1077 1241 1292 1283; x_wconf 86' lang='lat' dir='ltr'><strong>absumere</strong></span> <span class='ocrx_word' id='word_1_89' title='bbox 1309 1242 1416 1283; x_wconf 87' lang='lat' dir='ltr'><strong>ferro</strong></span> 
     </span>
     <span class='ocr_line' id='line_1_15' title="bbox 314 1306 1496 1363; baseline -0.001 -14"><span class='ocrx_word' id='word_1_90' title='bbox 314 1308 537 1350; x_wconf 83' lang='lat' dir='ltr'><strong>Ascanium</strong></span> <span class='ocrx_word' id='word_1_91' title='bbox 560 1307 786 1363; x_wconf 86' lang='lat' dir='ltr'><strong>patriisque</strong></span> <span class='ocrx_word' id='word_1_92' title='bbox 807 1306 1056 1363; x_wconf 84' lang='lat' dir='ltr'><strong>epulandum</strong></span> <span class='ocrx_word' id='word_1_93' title='bbox 1077 1320 1278 1362; x_wconf 88' lang='lat' dir='ltr'><strong>apponere</strong></span> <span class='ocrx_word' id='word_1_94' title='bbox 1298 1307 1496 1360; x_wconf 36' lang='lat' dir='ltr'><strong>mensis&amp;</strong></span> 
     </span>
    </p>
   </div>
   <div class='ocr_carea' id='block_1_8' title="bbox 235 1414 1589 1997">
    <p class='ocr_par' dir='ltr' id='par_1_8' title="bbox 235 1414 1582 1540">
     <span class='ocr_line' id='line_1_16' title="bbox 235 1414 1582 1479; baseline -0.001 -17"><span class='ocrx_word' id='word_1_95' title='bbox 235 1416 388 1479; x_wconf 82' lang='lat' dir='ltr'><strong>Digna</strong></span> <span class='ocrx_word' id='word_1_96' title='bbox 408 1414 599 1479; x_wconf 87' lang='lat' dir='ltr'><strong>quidem</strong></span> <span class='ocrx_word' id='word_1_97' title='bbox 621 1416 794 1462; x_wconf 81' lang='lat' dir='ltr'><strong>femina</strong></span> <span class='ocrx_word' id='word_1_98' title='bbox 820 1431 940 1478; x_wconf 88' lang='lat' dir='ltr'><strong>quae</strong></span> <span class='ocrx_word' id='word_1_99' title='bbox 966 1415 1093 1461; x_wconf 81' lang='lat' dir='ltr'><strong>Atrei</strong></span> <span class='ocrx_word' id='word_1_100' title='bbox 1117 1430 1170 1461; x_wconf 85' lang='lat' dir='ltr'><strong>ac</strong></span> <span class='ocrx_word' id='word_1_101' title='bbox 1197 1414 1424 1479; x_wconf 87' lang='lat' dir='ltr'><strong>Thyestae</strong></span> <span class='ocrx_word' id='word_1_102' title='bbox 1449 1429 1582 1475; x_wconf 85' lang='lat' dir='ltr'><strong>aevo,</strong></span> 
     </span>
     <span class='ocr_line' id='line_1_17' title="bbox 240 1491 863 1552; baseline 0 -14"><span class='ocrx_word' id='word_1_103' title='bbox 240 1491 427 1538; x_wconf 89' lang='lat' dir='ltr'><strong>heroico</strong></span> <span class='ocrx_word' id='word_1_104' title='bbox 453 1493 863 1552; x_wconf 80' lang='lat' dir='ltr'><strong>scilicet,viveret1</strong></span> 
     </span>
    </p>

    <p class='ocr_par' dir='ltr' id='par_1_9' title="bbox 238 1556 1589 1997">
     <span class='ocr_line' id='line_1_18' title="bbox 302 1556 1586 1637; baseline 0 -23"><span class='ocrx_word' id='word_1_105' title='bbox 302 1568 461 1615; x_wconf 79' lang='lat' dir='ltr'><strong>Cetera</strong></span> <span class='ocrx_word' id='word_1_106' title='bbox 492 1568 608 1630; x_wconf 90' lang='lat' dir='ltr'><strong>quid</strong></span> <span class='ocrx_word' id='word_1_107' title='bbox 629 1584 994 1615; x_wconf 83' lang='lat' dir='ltr'><strong>commemorem</strong></span> <span class='ocrx_word' id='word_1_108' title='bbox 1010 1567 1033 1614; x_wconf 75' lang='lat'><strong>¹?</strong></span> <span class='ocrx_word' id='word_1_109' title='bbox 1060 1556 1161 1614; x_wconf 83' lang='lat' dir='ltr'><strong>Non</strong></span> <span class='ocrx_word' id='word_1_110' title='bbox 1186 1560 1377 1637; x_wconf 79' lang='lat' dir='ltr'><strong>dedecet</strong></span> <span class='ocrx_word' id='word_1_111' title='bbox 1395 1567 1586 1614; x_wconf 89' lang='lat' dir='ltr'><strong>heroem</strong></span> 
     </span>
     <span class='ocr_line' id='line_1_19' title="bbox 241 1643 1586 1707; baseline 0.001 -18"><span class='ocrx_word' id='word_1_112' title='bbox 241 1645 537 1692; x_wconf 79' lang='lat' dir='ltr'><strong>Homericum</strong></span> <span class='ocrx_word' id='word_1_113' title='bbox 566 1645 756 1692; x_wconf 87' lang='lat' dir='ltr'><strong>fortium</strong></span> <span class='ocrx_word' id='word_1_114' title='bbox 783 1643 993 1692; x_wconf 84' lang='lat' dir='ltr'><strong>virorum</strong></span> <span class='ocrx_word' id='word_1_115' title='bbox 1023 1645 1215 1707; x_wconf 77' lang='lat' dir='ltr'><strong>nuptias</strong></span> <span class='ocrx_word' id='word_1_116' title='bbox 1242 1644 1407 1691; x_wconf 81' lang='lat' dir='ltr'><strong>orare³</strong></span> <span class='ocrx_word' id='word_1_117' title='bbox 1411 1662 1424 1700; x_wconf 93' lang='lat'>;</span> <span class='ocrx_word' id='word_1_118' title='bbox 1461 1643 1586 1707; x_wconf 89' lang='lat' dir='ltr'><strong>apud</strong></span> 
     </span>
     <span class='ocr_line' id='line_1_20' title="bbox 238 1720 1587 1783; baseline 0.001 -18"><span class='ocrx_word' id='word_1_119' title='bbox 238 1720 490 1783; x_wconf 50' lang='lat' dir='ltr'><strong>Virgilium</strong></span> <span class='ocrx_word' id='word_1_120' title='bbox 507 1720 653 1767; x_wconf 88' lang='lat' dir='ltr'><strong>filiam</strong></span> <span class='ocrx_word' id='word_1_121' title='bbox 670 1721 911 1768; x_wconf 81' lang='lat' dir='ltr'><strong>Laviniam</strong></span> <span class='ocrx_word' id='word_1_122' title='bbox 923 1723 1102 1767; x_wconf 87' lang='lat' dir='ltr'><strong>Aeneae</strong></span> <span class='ocrx_word' id='word_1_123' title='bbox 1117 1720 1381 1767; x_wconf 89' lang='lat' dir='ltr'><strong>nubendam</strong></span> <span class='ocrx_word' id='word_1_124' title='bbox 1397 1721 1587 1767; x_wconf 85' lang='lat' dir='ltr'><strong>Latinus</strong></span> 
     </span>
     <span class='ocr_line' id='line_1_21' title="bbox 240 1796 1589 1861; baseline 0.001 -19"><span class='ocrx_word' id='word_1_125' title='bbox 240 1796 362 1843; x_wconf 85' lang='lat' dir='ltr'><strong>ultro</strong></span> <span class='ocrx_word' id='word_1_126' title='bbox 388 1799 537 1844; x_wconf 86' lang='lat' dir='ltr'><strong>offert.</strong></span> <span class='ocrx_word' id='word_1_127' title='bbox 570 1797 764 1844; x_wconf 86' lang='lat' dir='ltr'><strong>Divitiae</strong></span> <span class='ocrx_word' id='word_1_128' title='bbox 810 1797 997 1843; x_wconf 87' lang='lat' dir='ltr'><strong>heroico</strong></span> <span class='ocrx_word' id='word_1_129' title='bbox 1024 1805 1230 1858; x_wconf 86' lang='lat' dir='ltr'><strong>tempore</strong></span> <span class='ocrx_word' id='word_1_130' title='bbox 1253 1797 1376 1861; x_wconf 85' lang='lat' dir='ltr'><strong>agris</strong></span> <span class='ocrx_word' id='word_1_131' title='bbox 1401 1797 1589 1859; x_wconf 86' lang='lat' dir='ltr'><strong>potissi·</strong></span> 
     </span>
     <span class='ocr_line' id='line_1_22' title="bbox 238 1871 1585 1937; baseline 0.001 -18"><span class='ocrx_word' id='word_1_132' title='bbox 238 1889 370 1920; x_wconf 92' lang='lat' dir='ltr'><strong>mum</strong></span> <span class='ocrx_word' id='word_1_133' title='bbox 410 1880 454 1921; x_wconf 87' lang='lat' dir='ltr'><strong>et</strong></span> <span class='ocrx_word' id='word_1_134' title='bbox 493 1872 751 1937; x_wconf 88' lang='lat' dir='ltr'><strong>pecudibus</strong></span> <span class='ocrx_word' id='word_1_135' title='bbox 787 1872 1100 1928; x_wconf 79' lang='lat' dir='ltr'><strong>constabant3</strong></span> <span class='ocrx_word' id='word_1_136' title='bbox 1127 1872 1354 1937; x_wconf 85' lang='lat' dir='ltr'><strong>Virgilius</strong></span> <span class='ocrx_word' id='word_1_137' title='bbox 1376 1872 1492 1921; x_wconf 88' lang='lat' dir='ltr'><strong>haec</strong></span> <span class='ocrx_word' id='word_1_138' title='bbox 1526 1871 1585 1920; x_wconf 85' lang='lat' dir='ltr'><strong>de</strong></span> 
     </span>
     <span class='ocr_line' id='line_1_23' title="bbox 241 1949 444 1997; baseline -0.005 0"><span class='ocrx_word' id='word_1_139' title='bbox 241 1949 404 1997; x_wconf 88' lang='lat' dir='ltr'><strong>Galeso</strong></span> <span class='ocrx_word' id='word_1_140' title='bbox 433 1965 444 1996; x_wconf 90' lang='lat'>:</span> 
     </span>
    </p>
   </div>
   <div class='ocr_carea' id='block_1_9' title="bbox 400 2052 1444 2168">
    <p class='ocr_par' dir='ltr' id='par_1_10' title="bbox 400 2052 1444 2168">
     <span class='ocr_line' id='line_1_24' title="bbox 400 2052 1444 2109; baseline -0.002 -15"><span class='ocrx_word' id='word_1_141' title='bbox 400 2054 589 2108; x_wconf 86' lang='lat' dir='ltr'><strong>Quinque</strong></span> <span class='ocrx_word' id='word_1_142' title='bbox 613 2068 757 2109; x_wconf 84' lang='lat' dir='ltr'><strong>greges</strong></span> <span class='ocrx_word' id='word_1_143' title='bbox 777 2053 840 2094; x_wconf 79' lang='lat' dir='ltr'><strong>illi</strong></span> <span class='ocrx_word' id='word_1_144' title='bbox 857 2052 1084 2106; x_wconf 84' lang='lat' dir='ltr'><strong>balantum,</strong></span> <span class='ocrx_word' id='word_1_145' title='bbox 1109 2054 1236 2108; x_wconf 85' lang='lat' dir='ltr'><strong>quina</strong></span> <span class='ocrx_word' id='word_1_146' title='bbox 1257 2052 1444 2094; x_wconf 88' lang='lat' dir='ltr'><strong>redibant</strong></span> 
     </span>
     <span class='ocr_line' id='line_1_25' title="bbox 400 2117 1424 2168; baseline -0.001 -9"><span class='ocrx_word' id='word_1_147' title='bbox 400 2125 606 2168; x_wconf 88' lang='lat' dir='ltr'><strong>Armenta,</strong></span> <span class='ocrx_word' id='word_1_148' title='bbox 628 2126 668 2159; x_wconf 90' lang='lat' dir='ltr'><strong>et</strong></span> <span class='ocrx_word' id='word_1_149' title='bbox 689 2126 836 2159; x_wconf 86' lang='lat' dir='ltr'><strong>terram</strong></span> <span class='ocrx_word' id='word_1_150' title='bbox 859 2125 1020 2159; x_wconf 88' lang='lat' dir='ltr'><strong>centum</strong></span> <span class='ocrx_word' id='word_1_151' title='bbox 1039 2117 1221 2159; x_wconf 86' lang='lat' dir='ltr'><strong>vertebat</strong></span> <span class='ocrx_word' id='word_1_152' title='bbox 1239 2118 1424 2158; x_wconf 75' lang='lat' dir='ltr'><strong>aratris⁴.</strong></span> 
     </span>
    </p>
   </div>
   <div class='ocr_carea' id='block_1_10' title="bbox 239 2226 1589 2442">
    <p class='ocr_par' dir='ltr' id='par_1_11' title="bbox 239 2226 1589 2442">
     <span class='ocr_line' id='line_1_26' title="bbox 239 2226 1589 2290; baseline -0.001 -15"><span class='ocrx_word' id='word_1_153' title='bbox 239 2231 348 2276; x_wconf 85' lang='lat' dir='ltr'><strong>Pars</strong></span> <span class='ocrx_word' id='word_1_154' title='bbox 376 2227 645 2274; x_wconf 88' lang='lat' dir='ltr'><strong>divitiarum</strong></span> <span class='ocrx_word' id='word_1_155' title='bbox 679 2228 884 2274; x_wconf 83' lang='lat' dir='ltr'><strong>maxima</strong></span> <span class='ocrx_word' id='word_1_156' title='bbox 916 2227 964 2273; x_wconf 90' lang='lat' dir='ltr'><strong>in</strong></span> <span class='ocrx_word' id='word_1_157' title='bbox 992 2226 1130 2274; x_wconf 91' lang='lat' dir='ltr'><strong>domo</strong></span> <span class='ocrx_word' id='word_1_158' title='bbox 1162 2227 1288 2290; x_wconf 87' lang='lat' dir='ltr'><strong>regia</strong></span> <span class='ocrx_word' id='word_1_159' title='bbox 1321 2227 1429 2290; x_wconf 90' lang='lat' dir='ltr'><strong>equi</strong></span> <span class='ocrx_word' id='word_1_160' title='bbox 1457 2243 1468 2274; x_wconf 93' lang='lat'>:</span> <span class='ocrx_word' id='word_1_161' title='bbox 1498 2227 1589 2274; x_wconf 90' lang='lat' dir='ltr'><strong>tria</strong></span> 
     </span>
     <span class='ocr_line' id='line_1_27' title="bbox 241 2303 1586 2367; baseline 0 -17"><span class='ocrx_word' id='word_1_162' title='bbox 241 2303 393 2350; x_wconf 88' lang='lat' dir='ltr'><strong>millia</strong></span> <span class='ocrx_word' id='word_1_163' title='bbox 424 2303 700 2351; x_wconf 90' lang='lat' dir='ltr'><strong>Eresichton</strong></span> <span class='ocrx_word' id='word_1_164' title='bbox 739 2303 981 2367; x_wconf 84' lang='lat' dir='ltr'><strong>pascebat;</strong></span> <span class='ocrx_word' id='word_1_165' title='bbox 1020 2304 1066 2348; x_wconf 90' lang='lat' dir='ltr'><strong>in</strong></span> <span class='ocrx_word' id='word_1_166' title='bbox 1100 2304 1248 2358; x_wconf 81' lang='lat' dir='ltr'><strong>Latini</strong></span> <span class='ocrx_word' id='word_1_167' title='bbox 1284 2303 1586 2367; x_wconf 87' lang='lat' dir='ltr'><strong>praesepibus</strong></span> 
     </span>
     <span class='ocr_line' id='line_1_28' title="bbox 241 2378 1583 2442; baseline -0.001 -16"><span class='ocrx_word' id='word_1_168' title='bbox 241 2390 310 2428; x_wconf 83' lang='lat' dir='ltr'><strong>ter</strong></span> <span class='ocrx_word' id='word_1_169' title='bbox 331 2388 514 2428; x_wconf 90' lang='lat' dir='ltr'><strong>centum</strong></span> <span class='ocrx_word' id='word_1_170' title='bbox 533 2379 794 2428; x_wconf 88' lang='lat' dir='ltr'><strong>adstabant.</strong></span> <span class='ocrx_word' id='word_1_171' title='bbox 816 2378 1180 2426; x_wconf 84' lang='lat' dir='ltr'><strong>Existimabatur</strong></span> <span class='ocrx_word' id='word_1_172' title='bbox 1199 2387 1319 2438; x_wconf 88' lang='lat' dir='ltr'><strong>tum,</strong></span> <span class='ocrx_word' id='word_1_173' title='bbox 1343 2394 1489 2442; x_wconf 89' lang='lat' dir='ltr'><strong>quum</strong></span> <span class='ocrx_word' id='word_1_174' title='bbox 1510 2379 1583 2427; x_wconf 92' lang='lat' dir='ltr'><strong>Dii</strong></span> 
     </span>
    </p>
   </div>
   <div class='ocr_carea' id='block_1_11' title="bbox 293 2509 1321 2738">
    <p class='ocr_par' dir='ltr' id='par_1_12' title="bbox 300 2509 532 2557">
     <span class='ocr_line' id='line_1_29' title="bbox 300 2509 532 2557; baseline -0.004 -8"><span class='ocrx_word' id='word_1_175' title='bbox 300 2514 334 2549; x_wconf 88' lang='lat'><strong>1.</strong></span> <span class='ocrx_word' id='word_1_176' title='bbox 365 2509 418 2557; x_wconf 85' lang='lat' dir='ltr'><strong>X,</strong></span> <span class='ocrx_word' id='word_1_177' title='bbox 441 2513 532 2549; x_wconf 74' lang='lat'><strong>443.</strong></span> 
     </span>
    </p>

    <p class='ocr_par' dir='ltr' id='par_1_13' title="bbox 293 2568 549 2618">
     <span class='ocr_line' id='line_1_30' title="bbox 293 2568 549 2618; baseline 0 -11"><span class='ocrx_word' id='word_1_178' title='bbox 293 2573 333 2607; x_wconf 81' lang='lat'><strong>2.</strong></span> <span class='ocrx_word' id='word_1_179' title='bbox 363 2568 435 2618; x_wconf 86' lang='lat' dir='ltr'><strong>IV,</strong></span> <span class='ocrx_word' id='word_1_180' title='bbox 457 2571 549 2608; x_wconf 86' lang='lat'><strong>600.</strong></span> 
     </span>
    </p>

    <p class='ocr_par' dir='ltr' id='par_1_14' title="bbox 297 2625 748 2674">
     <span class='ocr_line' id='line_1_31' title="bbox 297 2625 748 2674; baseline -0.004 -8"><span class='ocrx_word' id='word_1_181' title='bbox 297 2631 335 2666; x_wconf 90' lang='lat'><strong>3.</strong></span> <span class='ocrx_word' id='word_1_182' title='bbox 368 2625 426 2666; x_wconf 84' lang='lat' dir='ltr'><strong>Cf.</strong></span> <span class='ocrx_word' id='word_1_183' title='bbox 449 2627 517 2666; x_wconf 74' lang='lat' dir='ltr'><strong>od.</strong></span> <span class='ocrx_word' id='word_1_184' title='bbox 541 2625 633 2674; x_wconf 80' lang='lat' dir='ltr'><strong>VH,</strong></span> <span class='ocrx_word' id='word_1_185' title='bbox 658 2630 748 2665; x_wconf 79' lang='lat'><strong>312.</strong></span> 
     </span>
    </p>

    <p class='ocr_par' dir='ltr' id='par_1_15' title="bbox 300 2683 1321 2738">
     <span class='ocr_line' id='line_1_32' title="bbox 300 2683 1321 2738; baseline -0.001 -14"><span class='ocrx_word' id='word_1_186' title='bbox 300 2690 337 2724; x_wconf 72' lang='lat'><strong>4.</strong></span> <span class='ocrx_word' id='word_1_187' title='bbox 371 2685 462 2738; x_wconf 83' lang='lat' dir='ltr'><strong>VH,</strong></span> <span class='ocrx_word' id='word_1_188' title='bbox 488 2689 576 2730; x_wconf 81' lang='lat'>537,</span> <span class='ocrx_word' id='word_1_189' title='bbox 603 2683 662 2725; x_wconf 78' lang='lat' dir='ltr'><strong>Cf.</strong></span> <span class='ocrx_word' id='word_1_190' title='bbox 682 2686 728 2725; x_wconf 83' lang='lat' dir='ltr'><strong>lc.</strong></span> <span class='ocrx_word' id='word_1_191' title='bbox 750 2684 799 2735; x_wconf 90' lang='lat' dir='ltr'><strong>V,</strong></span> <span class='ocrx_word' id='word_1_192' title='bbox 822 2689 919 2731; x_wconf 71' lang='lat'><strong>6123</strong></span> <span class='ocrx_word' id='word_1_193' title='bbox 947 2684 1147 2735; x_wconf 75' lang='lat' dir='ltr'><strong>Od.x1v‚</strong></span> <span class='ocrx_word' id='word_1_194' title='bbox 1174 2698 1211 2725; x_wconf 80' lang='lat' dir='ltr'><strong>v.</strong></span> <span class='ocrx_word' id='word_1_195' title='bbox 1237 2688 1321 2724; x_wconf 88' lang='lat'>100.</span> 
     </span>
    </p>
   </div>
   <div class='ocr_carea' id='block_1_12' title="bbox 1672 0 1758 2903">
    <p class='ocr_par' dir='ltr' id='par_1_16' title="bbox 1672 0 1758 2903">
     <span class='ocr_line' id='line_1_33' title="bbox 1672 0 1758 2903; baseline 0 0"><span class='ocrx_word' id='word_1_196' title='bbox 1672 0 1758 2903; x_wconf 95' lang='lat' dir='ltr'><strong> </strong></span> 
     </span>
    </p>
   </div>
  </div>
 </body>
</html>
