1758 2903
889 55 1097 91 -14—

323 141 467 186 animi
489 140 640 186 labem
663 141 966 188 inveteratam
992 141 1206 196 exuunt.¹‚
1235 138 1307 185 hic
1333 139 1380 183 in
1400 146 1570 184 terram
1589 154 1661 185 re-

324 215 467 272 ditus,
505 215 621 262 haec
654 218 938 281 παλιγγενεσία
977 224 1073 263 tum
1104 215 1162 262 ad
1198 214 1480 278 Pythagorae
1519 213 1660 262 disci-

324 291 481 353 plinas
504 301 605 338 tum
626 292 684 339 ad
705 293 907 340 Platonis
929 291 1073 338 libros
1088 291 1305 338 videntur
1328 307 1413 337 nos
1432 306 1659 338 revocare.

322 368 584 414 Stoicorum
614 384 742 426 vero,
784 375 835 414 ut
866 383 959 414 non
999 367 1193 414 fortasse
1219 375 1391 413 sectam
1416 367 1663 430 amplecti-

322 451 414 497 tur,
435 443 499 488 ita
521 443 662 490 verba
688 451 886 505 usurpat
907 450 1041 506 poeta
1059 458 1207 505 quum
1233 451 1385 488 motus
1403 443 1664 490 animorum

322 526 545 580 quattuor
570 534 766 565 numero
791 535 892 566 esse
914 518 1001 565 hoc
1026 534 1165 565 versu
1190 518 1400 564 indicat:

427 662 534 704 Hinc
559 670 748 704 metuunt
770 663 1035 717 cupiuntque,
1059 661 1195 702 dolent
1219 661 1476 717 gaudentque
1487 666 1514 705 ².

387 826 563 870 Horum
600 824 737 871 etiam
771 839 967 881 meram,
998 832 1050 870 ut
1075 822 1278 880 videtur,
1315 822 1371 869 de
1406 822 1490 870 deo
1523 839 1663 870 mun-

322 899 443 946 dano
478 898 737 946 doctrinam
786 899 860 946 hic
910 900 1040 946 locus
1085 898 1274 945 exhibet
1310 900 1615 946 notissimus³
1649 916 1659 945 :

322 977 554 1035 Principio
580 976 745 1021 coelum
774 991 827 1021 ac
853 984 1079 1022 terras....
1111 974 1192 1021 ubi
1222 975 1362 1021 etiam
1394 975 1560 1038 igneus
1592 990 1664 1021 se-

322 1051 516 1109 minum
540 1051 690 1113 vigor,
733 1051 806 1096 vis
840 1050 1012 1097 scilicet
1047 1051 1184 1113 ignea
1221 1050 1280 1096 ad
1323 1066 1465 1113 quam
1505 1051 1664 1097 omnia

323 1126 454 1171 stoici
474 1124 688 1172 solebant
703 1126 892 1182 referre,
912 1142 940 1172 a
955 1133 1091 1188 poeta
1101 1134 1494 1172 commemoratur
1507 1127 1536 1172 ⁴.
1559 1128 1667 1173 Nes·

321 1201 389 1247 cio
416 1201 625 1264 quidem,
644 1217 703 1248 an
729 1202 978 1249 Lerschius
998 1201 1192 1249 modum
1217 1202 1484 1260 excesserit,
1514 1218 1664 1265 quum

321 1278 602 1340 comparatis
614 1279 736 1324 inter
754 1294 800 1324 se
813 1278 1032 1341 plurimis
1044 1278 1319 1341 Eclogarum
1335 1278 1664 1341 Georgicorum

323 1361 462 1415 atque
496 1353 717 1400 Aeneidis
755 1353 988 1411 versibuS,
1021 1354 1135 1400 haec
1171 1353 1400 1400 addiderit
1434 1369 1445 1400 ε
1482 1374 1503 1396 «ι
1533 1356 1666 1411 Quae

323 1428 511 1493 singula
547 1429 627 1475 hic
659 1429 856 1493 prolata,
889 1445 1040 1492 quum
1061 1431 1125 1481 ‚in
1151 1445 1295 1475 unam
1335 1430 1468 1490 quasi
1505 1430 1664 1494 imagi-

323 1520 430 1551 nem
473 1504 687 1567 colligere
730 1505 971 1562 malueris,
1014 1521 1163 1568 neque
1187 1504 1481 1552 Platonicum
1512 1521 1666 1569 neque

321 1580 663 1645 Pythagoreum
692 1581 1050 1644 Epicureumve,
1081 1597 1230 1644 neque
1255 1590 1307 1627 ut
1330 1582 1571 1628 Horatium
1596 1597 1666 1628 ec·

321 1656 559 1704 clecticum
609 1665 790 1719 poetam
843 1667 1059 1704 nostrum
1106 1659 1338 1715 invenies,
1389 1657 1472 1704 sed
1510 1658 1664 1721 quoad

323 1741 481 1796 poetae
524 1733 724 1790 licitum,
783 1734 963 1780 Stoicae
1005 1732 1243 1780 doctrinae
1287 1737 1587 1780 sectatorem⁵
1616 1752 1660 1782 ».

381 1955 419 1989 1.
451 1951 541 1989 Aen.
565 1949 636 1998 VI,
660 1954 854 1990 735-751.
879 1947 1002 1997 Plat„
1028 1950 1116 2001 Rep.
1142 1954 1216 1989 615
1236 1949 1285 1988 A.

379 2014 417 2049 2.
447 2007 667 2048 Lerschius
691 2007 741 2047 ad
766 2008 991 2061 Diogenem
1016 2008 1238 2058 Lam-tium,
1255 2007 1347 2057 VH,
1367 2011 1438 2047 110
1461 2015 1663 2060 provocat,

379 2074 417 2108 3.
448 2067 569 2119 Diog.
605 2068 758 2117 Laert.,
791 2067 885 2115 VH,
922 2071 1010 2117 134,
1032 2066 1121 2116 ubi,
1154 2067 1236 2113 ὕλη,
1265 2068 1362 2106 ‘moli
1391 2065 1663 2119 Vergilianas,

324 2127 424 2178 λόγος
451 2127 586 2173 menti,
614 2129 632 2163 ὁ
664 2125 737 2168 θεός
765 2127 847 2173 deo,
882 2128 900 2162 ὁ
931 2125 1010 2167 ὅλος
1039 2125 1170 2173 κόσμος
1203 2127 1288 2177 ζῷον
1315 2126 1489 2175 spiritui,
1516 2128 1535 2164 ὁ
1563 2127 1666 2177 αἰθὴρ

323 2185 531 2225 haustibus
547 2185 716 2223 aetheriis
737 2183 895 2223 videtur
920 2183 1177 2236 respondere.

378 2249 416 2283 4.
448 2241 674 2292 Plutarch.,
697 2243 798 2282 Plac.
817 2245 885 2293 ph.
911 2242 945 2290 Ι,
972 2247 1009 2282 7.
1036 2264 1087 2271 ——
1112 2240 1264 2291 Cicero,
1290 2243 1411 2281 Acad.
1443 2241 1498 2292 ΙΙ,
1527 2246 1592 2293 41,
1614 2243 1662 2282 N.

326 2303 371 2341 D.
396 2301 429 2351 Ι,
460 2305 526 2350 14;
558 2300 634 2349 ΙΙΙ,
670 2305 730 2340 14.

384 2365 421 2399 5.
454 2360 509 2399 Ut
531 2372 619 2398 vere
643 2357 789 2409 dicam,
813 2357 909 2397 haec
930 2357 1038 2396 varia
1060 2357 1398 2412 philosophorum
1418 2356 1579 2412 placita,
1601 2356 1668 2396 in-

327 2424 388 2457 ter
419 2431 461 2457 se
490 2416 706 2470 aliquando
744 2416 983 2470 pugnantia,
1017 2416 1133 2469 quasi
1174 2415 1250 2455 loci
1287 2429 1523 2456 communes
1554 2421 1670 2454 erant

326 2475 443 2525 facta,
469 2489 570 2528 quos
594 2483 768 2514 oratores
792 2482 829 2514 et
854 2482 993 2528 poetae
1027 2473 1182 2527 antiqui
1207 2488 1280 2513 suo
1307 2474 1480 2528 quisque
1502 2487 1574 2527 pro
1597 2472 1666 2512 in-

329 2534 448 2586 genio
479 2532 794 2586 amplificabant.
821 2531 1014 2585 Purgatio
1042 2532 1268 2572 animarum
1290 2534 1375 2585 jam
1396 2531 1593 2579 Ciceroni,
1620 2537 1665 2570 ut

328 2605 349 2630 e
373 2591 529 2631 somnio
554 2591 756 2644 Scipionis
786 2589 919 2630 videre
942 2597 1019 2639 est,
1049 2590 1248 2630 arriserat.
1280 2591 1409 2640 Quam
1441 2589 1663 2632 doctrinam
