1758 2903
883 165 1092 199 *60-

382 250 437 293 Ut
471 248 680 311 exempla
726 249 914 295 afferam
942 250 1147 312 primum
1183 265 1207 296 e
1241 249 1455 298 doctrina
1490 251 1546 298 de
1571 250 1662 298 diis

315 326 476 385 petita,
524 325 646 388 apud
691 328 966 372 Homerum'
994 325 1200 388 Ἀφροδίτη
1235 326 1334 373 filia
1366 334 1436 373 est
1461 327 1585 374 Jovis
1619 336 1664 374 et

317 400 504 458 Dionae,
535 417 655 464 quae
683 401 875 464 quidem
900 403 1004 465 ipsa
1024 418 1077 448 ex
1103 404 1284 448 Oceano
1312 411 1419 449 nata
1445 411 1530 462 est,
1554 419 1666 467 ergo

316 476 537 539 Virgilius
579 478 636 524 ab
679 481 882 525 Homero
918 477 1129 536 discedit,
1175 495 1322 539 quum
1367 482 1588 527 Venerem
1639 496 1666 526 a

315 555 526 615 Neptuno
547 554 623 600 his
649 554 806 601 verbis
835 554 1158 616 compellatum
1186 552 1399 601 inducit:

421 665 498 703 Fas
522 678 639 704 omne
661 669 735 715 est,
762 663 970 717 Cytherea,
993 663 1094 704 meis
1119 670 1156 703 te
1181 662 1302 703 fidere
1323 665 1462 717 regnis

423 728 540 769 Unde
565 742 694 781 genus
719 728 879 769 ducis¹.

381 829 470 876 Sed
494 840 658 877 auctor
685 838 754 877 est
792 831 983 876 Homeri
1011 830 1247 878 deserendi
1274 837 1376 878 tum
1403 830 1668 878 communis

315 907 595 953 Graecorum
629 916 869 970 poetarum
897 923 1025 964 usus,
1056 915 1157 954 tum
1193 907 1426 953 Hesiodus
1461 907 1510 952 in
1551 906 1676 953 theo-

315 983 455 1045 gonia
477 986 557 1045 qui
587 983 642 1029 de
673 981 876 1045 Ἀφροδίτη
897 980 1169 1046 ἀναδυομένῃ,
1189 988 1286 1046 jam
1308 982 1512 1029 fabulam
1534 998 1669 1045 expo-

317 1059 424 1104 nit².
453 1060 604 1104 Diana
632 1059 754 1120 apud
782 1058 1029 1121 Virgilium
1056 1058 1218 1105 eadem
1244 1070 1313 1105 est
1350 1073 1469 1121 quae
1501 1060 1672 1104 Hecate

316 1149 368 1180 ac
398 1135 689 1197 Proserpina,
717 1142 769 1180 ut
796 1142 1025 1180 testantur
1050 1144 1094 1180 et
1121 1135 1196 1180 hic
1223 1150 1405 1191 versus,
1451 1194 1454 1196 -

425 1243 794 1299 Tergeminamque
816 1245 1010 1294 Hecaten,
1030 1243 1107 1283 tria
1129 1243 1313 1297 Virginis
1334 1257 1403 1284 ora
1417 1242 1591 1284 Dianae³

317 1355 362 1392 et
383 1346 482 1391 Nisi
508 1361 688 1408 preces,

422 1456 636 1495 Astrorum
661 1455 783 1496 decus
806 1462 844 1495 et
864 1469 1076 1495 nemorum
1097 1454 1269 1495 Latonia
1291 1460 1427 1494 custos
1440 1456 1469 1494 ⁶.

317 1557 455 1621 Apud
482 1560 739 1604 Homerum
772 1573 827 1603 ne
855 1557 1106 1618 vestigium
1136 1555 1326 1618 quidem
1352 1572 1499 1603 unum
1525 1555 1668 1619 hujus

318 1633 554 1680 doctrinae
581 1634 809 1678 invenias.
839 1633 1064 1694 Virgilius
1096 1632 1273 1678 scilicet
1300 1633 1495 1678 minime
1515 1631 1571 1678 ad
1591 1632 1670 1679 ho-

322 1711 514 1757 mericos
542 1709 653 1756 deos
673 1709 879 1772 respicit,
897 1708 977 1754 sed
1006 1708 1062 1754 ad
1084 1724 1158 1754 eos
1182 1708 1346 1770 quales
1367 1710 1666 1772 excogitavit,

317 1795 424 1850 post
465 1789 740 1845 Homerum,
767 1787 1042 1832 Graecorum
1075 1786 1248 1846 poesiS‚
1289 1791 1390 1830 tum
1430 1784 1670 1830 varietatis

320 1861 686 1919 studiosissima,
725 1871 824 1908 tum
854 1861 960 1908 ficta
994 1877 1017 1907 e
1053 1862 1174 1908 fictis
1202 1859 1458 1908 deducendi
1488 1860 1670 1923 peritis·

319 1940 456 1986 sima.
481 1938 617 1994 Quod
642 1939 682 1985 si
706 1954 910 2000 quoque,
937 1945 990 1984 ut
1014 1939 1289 2000 interpretes
1309 1936 1523 1983 nonnulli
1542 1935 1670 1982 affir-

319 2025 467 2076 mant,
501 2019 622 2063 inest
648 2019 827 2063 Dianae
863 2017 1069 2062 Taur'idis
1097 2017 1274 2061 mentio
1309 2016 1357 2061 in
1383 2015 1467 2061 hoc
1493 2030 1630 2061 versu
1653 2029 1664 2060 ε

532 2126 707 2179 Pinguis
732 2125 804 2165 ubi
821 2132 858 2165 et
875 2127 1080 2177 placabilis
1100 2139 1168 2164 ara
1187 2124 1379 2174 Dianae⁵‚

322 2225 558 2272 fatendum
588 2233 657 2271 est
684 2225 758 2271 hic
784 2240 969 2287 quoque
1002 2225 1247 2287 Virgilium
1275 2225 1470 2271 minime
1499 2225 1542 2271 in
1570 2224 1671 2271 reli-

379 2365 414 2399 1.
445 2361 539 2399 Aen.
561 2359 610 2409 V,
640 2364 731 2398 800.

375 2425 412 2461 2.
445 2419 560 2470 Hes,
590 2420 723 2469 lecoq.
751 2422 821 2457 195
842 2424 880 2457 ct
903 2432 964 2472 sq.

378 2486 413 2516 s«.
447 2478 518 2529 IV,
545 2483 636 2516 511.

376 2544 414 2575 1⁴.
444 2536 516 2584 IX,
542 2540 634 2576 405.

378 2600 415 2634 5.
447 2597 541 2634 Aen.
570 2595 661 2642 HI,
691 2599 778 2634 764.
803 2595 914 2634 Serv,
938 2608 945 2634 :
978 2592 1196 2648 placabiles
1214 2600 1363 2645 autem,
1386 2606 1430 2632 ac
1449 2592 1485 2632 si
1505 2591 1670 2644 diceret,

324 2667 403 2692 non
439 2652 572 2706 qualis
601 2660 693 2693 ante
725 2653 800 2692 suit
830 2652 891 2692 vol
924 2653 1023 2701 illic,
1056 2653 1117 2692 vel
1149 2651 1257 2705 apud
1287 2652 1457 2698 Tauros,
1493 2651 1670 2691 humano

324 2711 504 2760 ⁴traudcns
529 2726 681 2753 cruore.
