1758 2903
747 73 930 106 -4-

168 159 283 222 gilio
303 158 519 204 dicantur
538 161 571 215 ¹,
595 157 833 221 Nigidium
857 159 937 222 qui
963 157 1136 212 librum
1155 159 1208 206 de
1227 160 1359 206 Eoeca·
1376 175 1502 206 com·

167 241 384 297 posuerat
408 241 452 279 et
482 233 709 295 Higinum
743 233 918 280 Julium
950 255 970 276 <c
1002 235 1080 297 qui
1112 238 1190 295 jus
1226 237 1506 295 pontificium

170 325 260 356 non
278 308 463 355 videtur
483 309 721 372 ignorasse
749 328 769 352 »
789 317 833 355 et
860 330 880 351 «
901 311 1258 358 commentarios
1275 310 1504 371 quosdam

171 386 228 432 ad
247 390 325 449 Jus
348 386 643 450 pontificium
663 384 940 447 pertinentes
969 404 991 426 »
1017 385 1219 431 consulit
1243 401 1252 431 :
1283 385 1399 432 adeo
1428 401 1508 431 vo-

171 461 388 508 cabulum
421 476 476 508 ex
512 462 631 523 ipsis
662 460 904 523 religionis
932 475 1150 507 romanae
1188 460 1508 523 penetralibus

171 546 355 585 erutum
383 545 558 584 censet.

236 612 499 660 Macrobius
523 628 650 672 vero,
679 612 779 673 qui,
816 620 867 658 ut
904 618 1064 658 notum
1087 619 1156 657 est
1187 610 1426 671 omnibus,
1457 613 1506 658 in

171 687 494 735 Saturnalibus
510 689 688 734 amicos
710 687 764 733 dc
788 687 980 750 Virgilio
998 686 1284 749 disputantes
1306 685 1507 746 inducit,

172 782 264 813 non
286 764 425 811 aliam
451 763 644 811 Aeneidi
669 763 887 827 legendae
911 771 1048 825 atque
1067 762 1368 825 explicandae
1383 778 1510 810 men-

173 850 266 887 tem
305 839 485 887 attulit²
521 855 531 886 :
569 859 589 882 α
620 841 837 899 Equidem
878 840 1034 900 inquit
1066 854 1190 884 unus
1227 854 1251 885 e
1281 839 1507 894 convivis,

173 917 375 974 Vettius,
390 916 512 962 inter
532 917 689 962 omnia
703 914 875 978 quibus
897 915 1073 960 eminet
1089 914 1191 960 laus
1206 916 1408 961 Maronis
1422 914 1510 961 hoc

173 991 389 1039 assiduus
415 990 557 1037 lector
579 991 803 1037 ammiror
835 991 945 1053 quia
968 988 1238 1036 doctissime
1255 991 1335 1049 jus
1360 991 1510 1050 ponti-

170 1069 338 1129 ficium,
383 1075 605 1129 tanquam
644 1066 732 1112 hoc
763 1064 1023 1128 professus,
1060 1066 1110 1111 in
1144 1064 1294 1112 multa
1314 1074 1359 1112 et
1383 1066 1513 1112 varia

173 1144 329 1207 operis
356 1143 428 1189 sui
462 1149 559 1189 arte
594 1142 815 1198 servavit,
853 1148 898 1188 et
936 1142 976 1188 si
1011 1149 1161 1188 tantae
1199 1140 1509 1188 dissertationi

178 1235 327 1267 sermo
343 1234 434 1265 non
451 1219 659 1278 cesserit,
681 1218 903 1281 promitto
918 1217 1015 1264 fore
1037 1225 1088 1264 ut
1107 1216 1333 1280 Virgilius
1357 1225 1513 1264 noster

173 1298 375 1358 pontiseoe
400 1297 627 1341 mamimus
643 1294 888 1342 adseratur
907 1314 951 1340 n.
973 1293 1219 1340 Flavianus
1239 1302 1393 1339 autem
1418 1309 1511 1340 non

177 1371 329 1418 solum
350 1371 500 1418 Vettio
518 1387 610 1417 non
629 1370 923 1429 contradicit,
950 1368 1025 1417 sed
1051 1368 1312 1415 doctrinam
1327 1384 1510 1431 quoque

174 1445 384 1505 alteram,
401 1452 445 1492 et
457 1462 558 1492 eam
577 1445 767 1509 quidem
784 1445 973 1491 omnino
987 1459 1229 1491 romanam
1245 1444 1292 1490 in
1310 1443 1514 1492 Aeneide

174 1521 404 1570 contineri
431 1520 669 1568 contendit
699 1538 708 1565 ε
741 1541 763 1562 «
791 1519 928 1582 Apud
966 1529 1151 1581 poetam
1181 1526 1409 1577 nostrum,
1439 1519 1512 1565 in-

175 1597 294 1660 quit,
325 1604 494 1642 tantam
519 1597 749 1642 scientiam
767 1597 891 1656 juris
916 1596 1150 1656 aitqieralis
1186 1596 1373 1642 invenio
1399 1600 1450 1641 ut
1473 1594 1512 1640 si

175 1672 374 1719 aliarum
401 1671 764 1734 disciplinarum
786 1671 997 1717 doctrina
1028 1670 1377 1729 destitueretur,
1403 1669 1514 1716 haec

176 1748 314 1795 illum
335 1747 402 1794 vel
428 1746 525 1794 sola
542 1747 770 1809 professio
797 1746 1074 1793 sublimaret
1097 1765 1139 1791 ».
1162 1745 1440 1793 Eustathius
1463 1761 1511 1791 se

177 1824 528 1887 disputaturum
555 1822 792 1886 profitetur
806 1820 862 1868 de
879 1821 1063 1884 Virgilii
1092 1822 1330 1880 astrologia
1356 1828 1395 1866 et
1410 1821 1515 1881 phi-

175 1903 372 1961 losophia
399 1914 540 1961 quam
570 1904 704 1961 poeta
729 1917 751 1941 «
779 1913 947 1960 parcus
973 1905 1018 1943 et
1044 1896 1231 1943 sobrius
1262 1896 1394 1959 operi
1428 1911 1514 1942 suo

179 1990 413 2037 nusquam
452 1972 857 2036 reprehendendus
895 1973 1163 2035 aspersit».
1213 1974 1370 2028 Quum
1405 1986 1515 2018 vero

178 2050 423 2113 astrologia
446 2048 577 2096 rudis
598 2048 752 2096 adhuc
776 2048 1013 2095 homerico
1031 2056 1241 2110 tempore
1263 2054 1403 2106 esset,
1431 2062 1516 2094 nec

237 2193 272 2227 1.
307 2187 432 2236 Ibid.,
457 2187 485 2226 1.
503 2188 613 2238 XVI,
636 2200 670 2228 c.
697 2200 754 2227 v1.
777 2209 825 2216 —
843 2186 1031 2227 Nolimus
1050 2186 1153 2225 hanc
1172 2191 1350 2225 nostram
1373 2184 1518 2238 dispu-

176 2245 370 2286 tationem
405 2244 462 2285 ita
489 2245 617 2300 accipi
642 2246 759 2299 quasi
787 2244 906 2299 plane
941 2243 1073 2285 Gellio
1105 2243 1375 2284 assentiamur
1399 2256 1408 2284 :
1443 2244 1519 2284 hoc

179 2310 335 2344 tantum
377 2303 575 2345 monitum
603 2303 788 2344 volumus
824 2303 1021 2344 Romanis
1054 2302 1152 2343 adeo
1171 2306 1352 2344 Latinam
1391 2302 1520 2343 videri

178 2363 398 2403 Aeneidem
427 2368 487 2412 ut,
526 2362 560 2402 si
592 2361 691 2416 quid
722 2361 979 2416 disputarent
998 2361 1047 2401 de
1069 2361 1215 2416 priscis
1246 2362 1398 2401 Romae
1420 2374 1520 2401 con-

180 2421 483 2472 suetudinibus,
502 2420 552 2461 ab
573 2435 619 2461 ea
645 2427 883 2474 argumenta
902 2427 1108 2475 peterent3
1133 2419 1219 2459 fieri
1242 2425 1376 2459 autem
1400 2432 1519 2474 posse

181 2487 226 2519 ut
247 2479 446 2533 Virgilius
461 2480 680 2533 graecisset
703 2485 772 2519 aut
791 2478 904 2533 vulgi
922 2493 1031 2520 more
1047 2479 1250 2533 loquatur,
1271 2478 1383 2519 nullo
1401 2477 1520 2519 modo

180 2537 453 2592 suspicantur.

237 2602 273 2638 2.
306 2597 507 2649 Macrob.‚
529 2597 715 2649 Satura„
740 2597 773 2647 1,
800 2602 865 2647 24,
893 2596 953 2637 ed.
980 2595 1101 2649 Jahn,
1123 2597 1176 2646 ΙΙ,
1201 2610 1243 2650 p.
1270 2600 1360 2636 212.
