1758 2903
824 161 1009 199 -5-

245 263 337 309 qua
357 248 557 293 Vettium
581 261 633 292 ac
650 246 925 294 Flavianum
949 248 1111 295 fuisse.
1142 250 1322 296 Etenim
1353 251 1431 313 qui
1463 251 1589 314 apud

246 339 331 369 nos
356 324 548 369 Maurus
578 322 676 369 sive
700 324 871 370 Marius
899 325 1083 371 Servius
1112 328 1372 372 Honoratus
1398 326 1586 386 dicitur,

246 399 366 445 nihil
383 399 624 462 antiquius
644 399 691 444 in
709 402 1045 446 commentario
1060 400 1229 448 habere
1246 402 1428 448 videtur
1447 419 1587 465 quam

246 485 296 522 ut
323 477 560 521 Maronem
585 491 742 522 rerum
773 477 1039 538 priscarum
1071 477 1467 525 studiosissimum
1489 495 1589 525 esse

246 552 428 615 probet3
455 551 570 598 adeo
594 553 733 598 etiam
773 551 920 599 multa
947 568 970 599 e
995 555 1203 599 Romana
1225 553 1423 601 historia
1446 556 1584 611 eruit,

244 636 295 675 ut
314 627 477 675 nullus
506 628 700 674 sortasse
733 629 930 690 scriptor
958 627 1015 674 ad
1051 629 1399 693 cognoscendos
1426 646 1479 676 ac
1506 647 1587 693 pe-

247 706 373 751 nitus
406 704 751 768 perspiciendos
785 706 1097 751 Romanorum
1131 721 1285 752 mores
1309 708 1480 753 nostris
1503 707 1587 753 ho-

246 780 455 828 minibus
477 781 624 843 magis
639 782 877 843 profuerit.
897 784 1088 843 Nempe,
1112 781 1225 827 dum
1243 790 1405 844 poetae
1427 798 1586 829 recon-

245 858 392 904 ditam
418 857 676 904 doctrinam
700 857 901 919 explicat
924 865 1062 919 atque
1090 859 1139 903 in
1165 857 1373 905 medium
1392 858 1582 921 profert,

246 950 331 981 nos
354 950 406 981 ea
429 933 561 980 docet
592 949 710 995 quae
745 933 962 980 homines
996 942 1124 980 tanto
1155 943 1419 997 temporum
1443 936 1587 982 inter·³
1609 979 1612 982 Δ

244 1010 365 1056 vallo
392 1015 629 1073 sejunctos
654 1017 879 1072 perpetuo
902 1009 1133 1071 fugerent.
1159 1011 1369 1056 Audacia
1394 1009 1587 1073 quidem

245 1087 396 1132 nimia
438 1102 490 1132 ac
513 1091 726 1149 ·1najore‚
752 1093 806 1131 ut
835 1085 1036 1143 videtur,
1077 1086 1331 1134 subtilitate
1363 1103 1478 1134 usus
1519 1095 1588 1134 est

244 1164 460 1220 Servius;
494 1171 545 1208 ut
581 1162 791 1224 exempla
825 1161 1070 1207 adhibeam
1110 1179 1255 1224 quum
1290 1164 1339 1208 in
1381 1162 1588 1210 secundo

244 1237 463 1285 Aeneidis
496 1238 646 1296 Simo,
683 1237 822 1283 homo
852 1253 1046 1299 graecus
1072 1239 1152 1300 qui
1178 1254 1226 1284 se
1256 1239 1492 1286 Palamedi
1527 1238 1587 1285 ad

243 1317 427 1378 Trojam
466 1313 775 1361 obsidendam
802 1314 1119 1376 proficiscenti
1154 1314 1488 1378 applicaverat,
1510 1331 1587 1362 co-

245 1407 344 1438 ram
367 1392 554 1438 Priamo
577 1390 878 1437 circumfusis
899 1392 1127 1453 TroJanis,
1153 1392 1377 1437 exclamat
1404 1407 1414 1438 ε

377 1507 456 1547 Fas
480 1506 580 1547 mihi
605 1506 819 1546 Graiorum
844 1514 997 1546 sacrata
1020 1506 1218 1546 resolvere
1232 1509 1363 1562 jura',

245 1614 485 1662 contendit
522 1615 856 1677 grammaticus
883 1613 939 1659 de
968 1622 1255 1660 sacramento
1278 1615 1350 1677 agi
1375 1614 1432 1660 ad
1458 1615 1585 1677 quod

245 1691 439 1738 Romani
463 1690 638 1736 milites
663 1698 915 1750 antequam
934 1689 1355 1749 conscriberentur,
1374 1689 1497 1753 adigi
1520 1706 1590 1737 so·

245 1768 409 1827 lerent,
424 1769 489 1813 ita
504 1775 555 1813 ut
573 1767 646 1812 vir
660 1765 738 1812 ille
755 1786 775 1807 a
791 1765 1180 1812 dolisinstructus
1193 1775 1239 1812 et
1252 1773 1350 1812 arte
1362 1767 1584 1826 Pelasya»

245 1860 396 1907 neque
428 1844 548 1890 inter
578 1851 789 1889 evocatos
815 1850 896 1888 aut
919 1841 1250 1888 tumultuarios
1280 1842 1471 1901 milites,
1506 1843 1587 1906 qui

243 1921 300 1966 ad
327 1928 513 1982 tempus
534 1926 713 1964 tantum
745 1917 1019 1972 militarent,
1045 1917 1125 1964 sed
1154 1918 1272 1964 inter
1288 1923 1418 1981 justo
1434 1935 1589 1966 sacra-¹

243 2004 401 2043 mento
424 2004 627 2058 rogatos,
656 1995 737 2056 qui
761 1993 901 2057 plena
924 1994 1089 2039 militia
1111 1993 1313 2040 functuri
1335 2002 1504 2052 essent,
1528 1996 1588 2043 sit

241 2070 644 2119 annumerandus.
675 2070 865 2125 Quoties
893 2085 1000 2115 vero
1024 2070 1209 2115 Aenean
1233 2071 1466 2128 flaminem
1481 2072 1585 2117 dia-

243 2152 326 2196 lem
349 2149 449 2196 vult
472 2147 633 2194 haberi
652 2145 661 2191 l
692 2149 865 2207 Nempe
887 2146 1017 2192 nefas
1044 2153 1112 2192 est
1133 2145 1389 2192 Flaminem
1412 2154 1585 2194 vestem

243 2225 440 2272 induere
467 2241 585 2287 quac
608 2239 701 2269 non
727 2223 788 2269 sit
821 2223 969 2280 lanea,
1001 2229 1044 2268 et
1076 2220 1133 2268 ab
1163 2237 1303 2268 uxore
1340 2229 1464 2269 texta
1491 2239 1584 2270 non

241 2303 402 2360 fuerit3
429 2300 658 2363 Virgilius
683 2307 838 2345 autem
866 2297 989 2344 dixit
1018 2314 1027 2344 :

665 2414 871 2468 Tyrioque
894 2414 1061 2454 ardebat
1077 2413 1230 2454 murice
1252 2414 1369 2454 laena

370 2476 559 2517 Demissa
582 2490 627 2516 ex
648 2475 846 2523 humeris,
872 2473 984 2514 dives
1005 2488 1107 2528 quae
1132 2488 1300 2514 munera
1322 2473 1429 2514 Dido

369 2536 570 2575 Fecerat’.

360 2658 454 2695 Aen.
481 2655 536 2703 11,
564 2659 650 2693 157.

293 2721 327 2752 t‘.
363 2718 456 2753 Aen.
485 2713 554 2761 IV,
581 2718 672 2751 262.
