1758 2903
832 144 1068 180 -128—

276 234 398 278 Haec
431 247 577 295 quum
616 231 775 278 leviter
815 230 912 277 sint
947 229 1068 276 inter
1103 244 1152 276 se
1193 227 1501 292 repugnantia
1534 241 1620 273 nee

276 308 460 371 possint
483 307 616 354 aliter
636 306 829 354 dissolvi
850 308 943 353 nisi
965 306 1201 353 existimes
1222 312 1323 351 tum
1346 311 1502 367 Μοῖραν
1523 306 1620 349 θεῶν

277 383 371 430 dici
400 400 547 447 quum
575 383 793 431 voluntas
826 382 1019 429 deorum
1047 397 1155 428 cum
1179 381 1259 426 sati
1283 379 1492 443 imperiis
1515 394 1618 425 om·

278 461 390 508 nino
412 461 702 518 consentiat¹‚
735 451 909 506 mirum
928 467 998 505 est
1018 473 1128 505 sane
1153 456 1405 519 Virgilium
1430 455 1508 503 cui
1525 470 1621 502 am-

278 536 422 598 bigua
446 537 603 584 minus
628 536 854 600 placeant,
883 533 1047 583 iisdem
1070 533 1227 582 verbis
1253 533 1321 580 uti
1347 549 1359 578 :

572 678 624 718 Et
652 677 711 718 sie
728 677 809 718 fata
832 676 943 718 ,Iovis
962 676 1222 731 poscunt2....

282 807 409 864 Quid
442 807 568 872 quod
597 809 644 854 in
680 808 834 872 primo
857 805 1088 854 Aeneidos
1114 805 1234 852 libro
1265 805 1447 868 Jupiter
1471 819 1619 867 quum

281 885 377 932 fata
403 886 619 934 Venerem
651 883 816 931 docere
834 883 964 942 velit,
985 882 1165 929 videtur
1192 890 1270 928 aut
1288 883 1336 928 in
1365 880 1486 927 libro
1506 896 1624 944 quo·

282 961 390 1008 dam
410 963 558 1024 legere
574 968 654 1007 aut
672 963 827 1024 potius
848 961 1071 1007 instinctu
1092 958 1294 1020 quodam
1320 958 1480 1005 futura
1499 957 1624 1004 divi-

285 1039 429 1097 nare’,
449 1039 496 1084 in
518 1037 794 1084 duodecimo
829 1045 982 1083 autem
1005 1036 1227 1082 trutinam
1251 1035 1413 1091 sumit,
1435 1041 1503 1092 ut,
1523 1043 1627 1081 uter

285 1114 418 1177 prius
444 1113 607 1160 debeat
629 1114 763 1171 mori,
782 1114 1022 1160 Aeneasne
1039 1128 1097 1158 an
1119 1114 1319 1169 Turnus,
1341 1110 1446 1156 fatis
1470 1110 1628 1172 pensi-

286 1191 408 1248 tatis,
451 1190 712 1254 dignoscat.
750 1191 852 1236 Non
886 1205 938 1235 ea
972 1196 1042 1235 est
1069 1188 1203 1234 solita
1225 1189 1350 1234 Jovis
1378 1185 1626 1249 Virgiliani

286 1272 501 1329 majestas
524 1282 576 1313 ac
593 1266 845 1330 prudentia
861 1284 872 1324 3
888 1265 1160 1311 Homericus
1179 1262 1308 1310 adest
1325 1263 1454 1320 deus,
1475 1261 1630 1309 heroi-

287 1359 388 1389 cam
419 1342 617 1406 legimus
642 1342 866 1400 fabulam,
900 1357 1045 1403 quum
1079 1356 1133 1386 ea
1155 1339 1481 1403 expendantur
1510 1354 1630 1402 quae

288 1429 454 1466 natura
486 1418 680 1482 expendi
714 1427 969 1481 nequeunt,
1000 1433 1149 1481 quum
1190 1433 1285 1463 non
1316 1417 1440 1463 vires
1460 1415 1632 1463 mentis

289 1498 402 1542 satis
424 1497 518 1542 sint
544 1495 601 1541 ad
629 1495 785 1541 futura
807 1493 1176 1557 praenoscenda,
1205 1509 1353 1555 quum
1376 1491 1432 1539 ad
1463 1492 1637 1539 instru-

288 1581 498 1618 mentum
517 1570 752 1635 quoddam
772 1579 984 1617 terrestre
1000 1569 1086 1616 deo
1103 1571 1157 1616 sit
1179 1569 1564 1632 confugiendum.

353 1649 676 1695 Precationum
721 1648 948 1694 forumtas
987 1663 1011 1693 e
1054 1647 1200 1693 sacris
1235 1646 1370 1693 libris
1409 1646 1629 1707 repetitas

288 1725 432 1773 fuisse
457 1734 502 1771 et
540 1724 752 1787 plerique
789 1725 1062 1786 interpretes
1100 1723 1320 1770 viderunt
1355 1731 1401 1770 et
1433 1739 1518 1770 nos
1543 1722 1636 1785 ipsi

291 1804 576 1860 annuimus;
612 1818 705 1848 non
741 1809 896 1848 tamen
924 1800 1235 1848 omittendum
1261 1806 1330 1847 est
1354 1798 1632 1864 hujusmodi

351 1990 384 2026 l.
416 1984 475 2026 Cf.
499 1982 763 2031 Friedreich„
796 1985 863 2023 Die
890 1985 1064 2032 Realien,
1094 1996 1137 2036 p.
1168 1986 1261 2022 621.
1285 1981 1344 2022 Cf.
1370 1982 1442 2023 Od.
1465 1980 1539 2035 IX,
1563 1985 1634 2031 52;

291 2044 364 2096 XI,
386 2048 482 2093 2923
508 2043 585 2090 ΙΙΙ,
611 2047 708 2093 2693
731 2042 863 2092 XXII,
890 2047 980 2082 413.
1092 2042 1097 2045 ’

347 2108 382 2143 2.
416 2102 487 2154 IV,
510 2106 601 2141 614.

347 2166 383 2200 3.
414 2162 509 2201 Aen.
536 2160 570 2210 1,
597 2165 688 2211 262,
720 2158 904 2211 Longius
930 2165 970 2198 et
1000 2159 1156 2198 volvens
1178 2156 1352 2197 fatorum
1383 2170 1527 2198 arcana
1549 2170 1639 2198 mo-

293 2219 408 2259 vebo.
446 2217 641 2259 Weidner
682 2217 917 2269 intelligit:
957 2235 977 2252 «
1001 2217 1176 2269 ὁρμαίνων
1196 2235 1234 2256 ».
1273 2217 1364 2257 Jam
1403 2215 1640 2257 Macrobius

294 2276 631 2318 animadverterat
664 2275 885 2329 Virgilium
928 2288 1064 2315 seeum
1111 2273 1324 2316 dissidere.
1366 2274 1427 2317 Cf.
1469 2276 1552 2316 Sat.
1585 2275 1637 2327 V,

295 2351 330 2380 c.
355 2349 446 2377 xm.
476 2335 666 2376 «Similis
690 2343 751 2375 est
773 2333 1060 2388 importunitas
1099 2334 1141 2372 in
1176 2333 1357 2387 ejusdem
1387 2334 1500 2376 Jovis
1527 2333 1641 2373 lance

296 2407 418 2450 quam
436 2408 481 2434 ex
497 2393 565 2434 illo
585 2393 670 2434 loco
691 2393 867 2447 sumpsit
894 2405 901 2432 ζ
926 2393 995 2432 Καὶ
1013 2392 1091 2431 τότε
1117 2394 1157 2440 δὴ
1181 2393 1334 2444 χρύσεια
1353 2393 1470 2447 πατὴρ
1490 2390 1643 2432 ἐτίταινε

296 2454 471 2501 τάλαντας
503 2466 595 2492 nam
613 2466 713 2493 *cum
734 2453 817 2506 jam
843 2451 890 2491 de
911 2451 1050 2491 Turno
1081 2450 1349 2505 praedixisset
1372 2452 1495 2503 Juno,
1529 2451 1646 2492 Nunc

291 2515 479 2563 juvenem
505 2514 725 2562 imparibus
746 2513 857 2552 video
880 2523 1111 2550 concurrere
1132 2512 1224 2559 satis
1250 2512 1544 2561 Parcarumque
1562 2511 1644 2550 dies

299 2579 333 2610 et,
369 2573 440 2611 lum
473 2573 641 2610 inimica
675 2573 928 2622 propinquat,
960 2569 1300 2622 manifestumque
1323 2575 1431 2609 esset
1456 2569 1642 2609 Turnum

301 2629 441 2684 utique
466 2629 706 2683 periturum‚
740 2643 827 2669 sero
870 2635 1020 2678 tamen,
1045 2630 1226 2679 Juppicer
1254 2630 1333 2678 ipse
1356 2630 1454 2668 duas
1480 2634 1644 2679 aequato

302 2692 483 2728 examine
506 2691 633 2728 lances
656 2690 825 2728 Sustinet
849 2695 880 2727 cl
901 2692 986 2738 sala
1010 2689 1178 2738 imponit
1198 2688 1353 2726 (livw'sa
1374 2688 1562 2726 (luorum.
