1758 2903
914 72 1124 107 ...58—

407 162 505 206 Jam
533 175 662 213 vero,
684 166 735 206 ut
757 157 941 222 singula
961 158 1123 220 paucis
1143 156 1403 217 absolvam,
1425 157 1462 203 si
1478 156 1693 205 Lerschio

342 233 483 281 fidem
527 234 769 289 adhibeas,
809 249 956 296 quum
988 235 1143 280 Venus
1177 242 1416 297 augurata,
1451 235 1610 298 cycnis
1641 234 1690 280 in

342 327 443 358 aere
470 312 750 374 conspectis,
781 310 1050 374 prodigium
1081 312 1128 356 in
1159 310 1330 357 bonam
1366 320 1544 374 partem
1569 311 1693 358 acci·

341 388 451 450 pit¹,
492 397 626 451 poeta
661 387 908 435 duodecim
948 386 1135 433 Romuli
1175 387 1405 434 vulturios
1446 389 1494 434 in
1533 388 1691 435 animo

341 464 524 523 habuit5
549 474 592 511 et
613 465 706 510 duo
734 464 803 510 illi
829 463 1032 510 Evandri
1058 465 1218 509 canes²
1243 479 1326 526 pro
1352 480 1463 510 cane
1486 465 1532 510 in
1555 464 1693 510 vesti-

341 541 452 587 bulo
477 541 663 587 aedium
678 543 993 588 Rornanorum
1018 539 1206 603 alligato
1232 548 1312 587 aut
1338 541 1543 603 imagine
1562 540 1693 587 canis

340 619 385 663 in
429 617 689 663 lithostroto
732 616 900 680 depicti
951 617 1000 662 in
1048 632 1234 663 carmen
1283 615 1600 675 inducuntur;
1649 629 1694 663 et

339 710 486 757 quum
517 695 761 758 Sergestus
1464 693 1471 702 '
1690 690 1703 703 ⁶

581 798 726 840 domus
750 806 859 839 tenet
883 813 902 838 a
927 812 1007 853 quo
1033 798 1176 852 Sergia
1196 799 1384 838 nomen³.

343 908 391 952 in
414 923 526 954 saxa
549 897 870 970 procurrentia
893 922 1059 952 navem
1087 907 1306 969 impingit
1330 904 1582 969 illiditque,
1609 921 1693 952 ra-

341 984 407 1030 tio
443 984 666 1031 Catilinae
697 982 855 1029 habita
889 983 995 1028 suit*
1035 983 1135 1044 qui,
1182 998 1327 1043 quum
1363 982 1522 1045 Sergia
1556 988 1693 1044 gente

340 1058 569 1105 oriundus
599 1067 864 1115 esset,›tam
897 1058 1064 1104 infelici
1093 1058 1141 1103 in
1174 1058 1256 1104 illo
1291 1057 1489 1104 civitatis
1519 1058 1693 1121 Euripo

340 1150 393 1181 ac
427 1134 652 1181 fluctibus
686 1136 986 1198 navigatione
1030 1151 1144 1181 usus
1175 1143 1267 1192 est;
1308 1141 1353 1181 et
1384 1151 1551 1197 quum,
1589 1151 1694 1199 pro-

340 1210 458 1258 cella
499 1211 805 1270 desaeviente,
847 1220 979 1273 poeta
1016 1219 1231 1258 naturam
1277 1211 1472 1258 Didonis
1513 1212 1693 1276 nuptiis

342 1304 435 1335 non
457 1291 598 1351 Justis
623 1288 760 1350 quasi
786 1289 1103 1350 ingementem
1129 1287 1354 1334 ostendit:

685 1398 852 1438 Fulsere
870 1398 987 1452 ignes
1009 1406 1047 1438 et
1068 1397 1252 1439 conscius
1278 1398 1416 1439 aether

584 1455 797 1509 Conubii⁵,

341 1563 643 1627 cogitandum
676 1572 746 1611 est
775 1564 831 1611 de
872 1564 1049 1611 facibus
1085 1580 1203 1627 quae
1234 1563 1430 1611 nubenti
1463 1563 1694 1627 praefere-

340 1641 514 1688 bantur
536 1650 580 1688 et
607 1641 663 1688 de
690 1642 988 1688 Fescenninis
1021 1640 1308 1688 carminibus
1339 1657 1459 1704 quae
1486 1649 1588 1688 tum
1612 1639 1693 1688 de-

342 1719 520 1765 cantari
553 1719 789 1778 solebant;
831 1728 877 1766 et
900 1718 980 1765 illa
1005 1718 1145 1782 pellis
1178 1734 1271 1781 qua
1297 1717 1495 1766 indutus
1521 1717 1695 1765 incedit

340 1797 581 1844 Evander:

474 1907 663 1949 Demissa
686 1907 737 1948 ab
757 1907 869 1949 laeva
896 1909 1114 1963 pantherae
1136 1916 1250 1961 terga
1269 1907 1533 1961 retorquens⁶

342 2019 450 2075 ‘toga
487 2013 698 2075 putanda
742 2022 834 2071 est3
868 2014 1039 2059 mirum
1078 2021 1147 2059 est
1178 2012 1302 2059 enim
1342 2027 1484 2075 quam
1526 2026 1695 2076 parum

344 2153 560 2207 interpres,
604 2152 730 2204 Atqui
772 2152 896 2192 nimis
931 2152 1061 2192 facile
1091 2158 1153 2192 est
1200 2151 1401 2205 legionem
1451 2152 1605 2205 justam
1650 2150 1692 2192 in

343 2215 505 2252 Aeneide
525 2211 720 2262 invenire,
751 2212 785 2250 si
812 2211 853 2250 in
881 2211 1065 2265 quolibet
1088 2211 1262 2251 exercitu
1283 2210 1484 2266 quidquid
1505 2211 1582 2251 tria
1604 2210 1698 2251 mil-

343 2270 399 2310 lia
420 2278 647 2324 exsuperat,
674 2270 953 2310 circumcidas.

402 2335 436 2369 1.
468 2332 563 2370 Aen.
590 2331 623 2379 Ι,
648 2335 739 2370 393.

398 2393 437 2429 2.
467 2392 562 2429 Aen.
583 2389 695 2436 VIII,
724 2393 813 2429 1261.
843 2388 1025 2438 Lerscl1.,
1045 2389 1073 2441 S
1097 2393 1142 2427 72

399 2455 435 2486 3.
469 2451 562 2487 Aen.
589 2447 639 2497 V,
664 2453 748 2487 121.

401 2514 439 2545 4.
473 2506 662 2556 Lersch.,
682 2508 817 2557 Antiq.
838 2507 865 2559 S
882 2511 944 2546 73.

398 2570 434 2606 5.
467 2567 559 2606 Aen.
587 2566 659 2617 IV,
690 2570 756 2605 167
783 2572 821 2605 et
847 2570 933 2605 168.
957 2565 1140 2616 Lei-seli„
1166 2566 1194 2618 S
1220 2571 1283 2606 77.

402 2630 438 2663 6.
472 2628 565 2665 Aen.
593 2625 707 2673 VIII,
737 2629 827 2665 460.
847 2624 1030 2672 Loisell„
1057 2630 1120 2664 79.
