1758 2903
88 221 141 258 ut
167 228 250 275 pro
268 211 505 275 explorato
528 210 698 258 habere
727 216 828 274 jure
862 211 1118 275 possimus,
1146 227 1240 258 uon
1278 210 1432 258 solum

92 288 242 335 multa
265 287 387 351 apud
426 286 672 349 Virgilium
717 287 917 334 inveniri
937 303 1055 351 quae
1089 291 1294 335 Romana
1332 303 1434 334 esse

93 373 227 426 poeta
247 365 348 410 sine
386 363 661 427 ambagibus
706 363 979 426 profiteatur
1022 380 1238 427 quaeque
1288 379 1431 410 suum

93 441 311 486 Latinum
328 455 499 486 nomen
515 455 569 486 ac
589 438 1100 502 coloreml‘retinuerint,
1115 456 1279 486 verum
1295 440 1435 486 etiam

89 515 225 578 plura
262 531 506 563 occurrere
547 531 670 579 quae
696 515 884 579 legentis
908 516 1120 562 animum
1139 514 1198 562 ad
1229 517 1437 562 Romana

92 591 303 639 instituta
326 592 522 639 latenter
564 598 776 639 revocent
814 590 1084 654 quibusque
1132 589 1437 637 enucleandis

92 681 147 712 ac
185 665 320 728 plane
356 665 672 730 intelligendis
699 666 901 727 quadam
933 681 1092 713 rerum
1124 668 1438 712 Romanarum

93 742 302 790 doctrina
322 759 440 804 opus
461 743 537 788 sit,

729 1029 801 1077 111

152 1243 281 1297 Quae
319 1257 465 1304 quum
493 1243 558 1288 ita
591 1243 704 1300 sint,
733 1242 944 1290 Lerschio
978 1242 1214 1290 adversari
1253 1252 1297 1290 et
1321 1243 1436 1289 Titt-

90 1318 253 1364 manni
279 1325 359 1364 aut
381 1318 519 1364 etiam
535 1334 643 1365 vero
658 1319 937 1365 similiorem
960 1319 1127 1382 Heynii
1154 1327 1197 1364 et
1219 1317 1438 1381 Wagneri

91 1394 373 1440 sententiam
391 1409 627 1456 opponere
665 1394 866 1441 arduum
900 1396 962 1441 sit
986 1411 1039 1440 ac
1066 1409 1211 1457 paene
1241 1402 1439 1441 temera-

92 1471 232 1517 rium.
250 1470 708 1530 Atzmeminerimus,
728 1486 918 1534 quaeso,
937 1470 1213 1518 Lerschium
1238 1471 1285 1516 in
1312 1471 1437 1534 prin-

93 1547 218 1610 cipio
276 1545 608 1608 disputationis
665 1546 754 1594 hoc
810 1562 1000 1610 ponere,
1073 1548 1316 1608 Verqilium
1359 1564 1439 1608 per

88 1623 322 1670 Aeneidem
340 1638 428 1668 non
451 1630 619 1669 tantum
639 1625 688 1669 in
728 1625 992 1686 quibasdam
1014 1624 1091 1670 sed
1120 1625 1166 1670 in
1185 1625 1381 1670 omnibus
1409 1641 1438 1671 a

87 1715 192 1746 vero
218 1700 494 1745 heroicorum
522 1706 763 1760 temporum
789 1702 944 1747 habita
957 1703 1205 1757 recessisse,
1228 1709 1268 1747 et
1289 1709 1433 1761 poste-

89 1778 274 1835 riorem,
291 1777 340 1821 id
360 1782 422 1821 est
438 1777 680 1822 Romanam
702 1777 861 1823 harum
880 1792 1030 1823 rerum
1055 1778 1276 1823 rationem
1296 1778 1436 1823 obser-

92 1867 234 1899 vasse.

153 1929 305 1983 Quam
347 1928 623 1975 sententiam
674 1944 701 1974 a
744 1944 851 1976 vero
889 1928 1091 1977 multum
1147 1928 1430 1992 discrepare,

85 2086 171 2124 ner,
193 2070 305 2112 modi
328 2070 513 2112 servandi
533 2071 782 2126 peritiorem.
803 2073 837 2111 E
859 2071 1009 2112 nostris
1038 2072 1276 2112 hominibus
1306 2087 1433 2128 quos-

84 2132 178 2172 dam
199 2137 356 2171 tantum
378 2130 580 2184 proferam
608 2143 615 2170 :
643 2130 943 2171 Sainte-Beuve
979 2123 1137 2183 (Etudes
1156 2145 1228 2171 sur
1253 2133 1431 2185 Viryile);

82 2189 264 2230 Boissier
299 2190 366 2242 (La
392 2191 567 2240 Reliqion
601 2190 821 2243 romaine);
857 2191 998 2230 Fustel
1027 2189 1076 2229 de
1104 2189 1331 2243 Coulangcs
1368 2192 1434 2244 (La

83 2251 154 2290 cite
175 2249 369 2301 antique);
393 2248 444 2287 E.
465 2247 647 2298 Benoist,
670 2251 837 2289 OEuvres
862 2252 908 2289 de
939 2251 1094 2299 Virque,
1120 2250 1154 2298 Ι,
1174 2263 1242 2289 xLi
1270 2257 1311 2290 et
1340 2264 1435 2304 pas-

84 2308 177 2349 sim.
202 2308 286 2348 Nec
307 2313 368 2347 est
387 2307 496 2372 quod
523 2306 686 2347 silentio
700 2315 1010 2372 praetereamus
1036 2306 1291 2362 scriptorem,
1317 2308 1434 2349 locu·

83 2367 357 2421 pletissimum
375 2365 632 2431 antiquitatis
650 2365 980 2416 existimatorem,
1006 2366 1118 2406 omni
1138 2366 1363 2430 elegantiae
1386 2382 1430 2407 ac

78 2424 226 2480 judicii
248 2424 392 2464 laude
381 2424 588 2482 msignem
611 2425 683 2478 qui
695 2424 796 2465 duos
820 2425 947 2465 libros
968 2425 1016 2464 de
1036 2424 1150 2478 poesi
1166 2439 1332 2465 romana
1350 2441 1432 2466 nu-

83 2498 156 2538 per
175 2482 302 2523 edidit
327 2482 475 2535 (Patin‚
502 2477 642 2524 Ecudes
661 2497 734 2524 sur
763 2486 803 2524 la
829 2486 957 2535 poesie
987 2486 1122 2533 latine,
1152 2484 1187 2535 Ι,
1220 2497 1261 2537 p
1291 2488 1363 2524 199
1394 2491 1432 2524 et
1471 2524 1481 2534 ,

82 2542 277 2598 passim);
292 2541 522 2581 conferendi
538 2548 634 2581 sunt
653 2542 701 2582 de
721 2542 894 2582 navibus
913 2543 937 2583 J
940 2542 977 2582 al
990 2543 1074 2595 (Vm
1075 2544 1194 2593 mlius
1206 2544 1430 2596 Nauticus),

84 2602 133 2641 de
155 2600 341 2640 Etruscis
361 2599 675 2653 antiquitatibus
694 2600 807 2641 Alex.
830 2600 1031 2641 Bertrand
1052 2604 1190 2648 (Revue
1212 2603 1429 2652 arche'oloq.

92 2660 220 2713 1874),
245 2658 316 2713 qui
334 2658 469 2699 nescio
493 2673 543 2698 an
560 2658 625 2700 his
647 2658 770 2700 rebus
792 2659 966 2699 nimium
988 2672 1157 2700 acumen
1179 2658 1427 2700 adhibuerit.

1200 2733 1223 2768 3
