1758 2903
844 126 1056 162 —28—

280 228 433 258 mores
472 215 705 260 Romanos
744 210 930 275 respici,
967 225 1059 257 non
1101 217 1225 257 cerlo
1262 208 1619 269 affirmaverim3

279 305 354 335 res
373 295 494 336 certe
511 288 638 352 apud
662 289 895 335 Romanos
917 287 963 333 in
995 303 1084 334 usu
1109 293 1223 333 erat.
1250 289 1366 334 Tum
1390 301 1509 350 quae
1533 300 1624 332 me-

279 373 523 411 morantur
544 365 758 428 gentium
787 363 1059 410 Italicarum
1085 363 1242 423 fuisse,
1265 363 1472 427 plurima
1492 363 1623 409 inve-

278 441 381 488 nias
417 457 567 497 arma,
591 443 796 501 saliqnas
826 441 1059 486 umbonum
1084 447 1244 500 crates,
1271 448 1451 501 cetram,
1483 440 1626 500 peltas

278 515 634 574 Abellanorum‚
657 518 832 577 aneros
854 516 1301 572 Praenestinorum¹,
1319 517 1418 576 pila
1430 513 1628 561 Ausoni-

277 591 418 638 dum'
456 609 712 656 eorumque
754 591 954 639 militum
999 607 1120 654 quos
1153 591 1413 638 Aventinus
1454 591 1622 649 ducit³,

276 669 462 727 falcatos
488 671 714 717 Oscorum
739 685 880 725 enses,
898 670 1094 716 dolonem
1115 677 1158 714 et
1174 683 1283 714 veru
1306 666 1623 724 Sabinorum⁸‚

279 752 447 806 corytos
493 746 756 801 Cosarum⁵‚
795 760 986 801 secures,
1034 746 1219 799 caleias,
1273 744 1446 806 aclydes
1487 744 1626 790 Osco-

278 836 404 878 rum,
423 823 655 882 plumbeas
675 823 1034 885 Anagninorum
1061 822 1282 882 ylandes⁸,
1302 836 1422 883 quae
1446 819 1624 877 omnia,

278 899 494 958 quamvis
520 915 547 945 a
570 906 703 961 poeta
727 898 841 961 fingi
882 898 1141 962 potuerint,
1184 906 1338 944 tamen
1369 897 1625 960 antiquita-

278 972 402 1020 tibus
423 974 598 1021 Italicis
643 991 826 1022 necesse
853 981 920 1021 est
960 973 1268 1021 ascribamus.
1310 973 1546 1029 ΡΙιαΙεναε,
1576 979 1630 1018 ut

279 1048 474 1110 videtur,
507 1052 696 1098 Graecis
720 1051 931 1112 ignotae;
962 1066 1079 1113 quas
1106 1048 1229 1112 apud
1244 1049 1482 1113 Virgilium
1496 1047 1626 1094 vide—

281 1141 386 1171 mus
406 1125 530 1172 dono
549 1125 706 1173 datas*
729 1144 739 1185 ;
783 1132 1102 1172 memorantur
1139 1132 1184 1172 et
1215 1125 1486 1173 Rhamnetis
1510 1123 1623 1187 pha·

279 1199 418 1260 lerae‚
449 1203 608 1249 nescio
643 1218 701 1249 an
743 1211 930 1265 propter
962 1203 1202 1249 Etruscam
1230 1201 1314 1248 viri
1349 1200 1623 1264 originem⁸.

279 1277 487 1324 Verbum
512 1279 711 1325 militare
731 1290 813 1325 aut
834 1279 989 1342 potius
1010 1278 1341 1339 gladiatorium
1364 1280 1441 1325 hoc
1466 1278 1626 1334 habcffl,

279 1370 307 1400 a
332 1356 539 1416 Messapo
563 1372 719 1419 regem
744 1355 981 1402 Aulestem
1012 1356 1207 1402 feriente
1235 1363 1508 1419 usurpatur.
1532 1356 1628 1401 Nec

278 1429 408 1478 deest
428 1431 543 1479 illud
560 1435 700 1480 Macte
722 1434 917 1479 virtute¹⁰
930 1430 1053 1496 quod
1075 1431 1131 1479 de
1145 1447 1303 1495 pugna
1319 1429 1626 1479 redeuntibus

278 1507 406 1570 apud
438 1511 667 1556 Romanos
696 1509 788 1556 dici
814 1508 1007 1555 solebat.
1036 1510 1097 1555 De
1116 1516 1378 1555 castrorum
1405 1508 1557 1554 forma
1586 1506 1626 1553 si

279 1585 628 1649 anquirendum
672 1594 923 1651 putemus,
969 1585 1170 1648 speciem
1219 1586 1476 1631 Romanam
1531 1583 1627 1630 fere

336 1736 370 1772 1.
402 1731 495 1779 VII,
517 1737 609 1785 632,
636 1738 727 1786 732,
750 1737 842 1773 743.

333 1795 371 1830 2.
403 1791 498 1841 XII,
525 1797 613 1832 121.

334 1855 373 1889 3.
405 1850 498 1902 VII,
522 1854 613 1891 664.

334 1913 374 1948 4.
403 1910 495 1961 VII,
520 1915 610 1962 732,
641 1914 732 1951 664.

336 1972 374 2007 5.
404 1968 457 2020 X,
484 1971 572 2009 168.

335 2031 374 2066 6.
405 2027 498 2078 VII,
524 2032 616 2077 627,
645 2031 735 2072 741.
756 2031 846 2075 730,
871 2030 961 2066 687.

335 2090 372 2124 7.
403 2088 497 2126 Aen.
522 2087 571 2137 V,
598 2090 689 2126 310.
724 2085 889 2125 Primus
912 2097 1060 2139 equum
1076 2086 1255 2136 phaleris
1278 2084 1482 2138 insignem
1505 2083 1631 2125 victor

280 2143 497 2184 habeto
535 2144 653 2186 Unde
687 2158 846 2184 versum
880 2145 954 2194 XI,
986 2147 1051 2195 89,
1093 2142 1265 2184 bellator
1298 2157 1443 2198 equus,
1483 2143 1629 2198 positis

278 2205 520 2254 insiynz'bm,
546 2203 603 2244 ita
621 2203 839 2244 Lerschius
861 2203 1150 2258 interpretatur
1169 2210 1214 2244 ut
1233 2202 1413 2257 insignia
1431 2216 1504 2258 pro
1524 2202 1630 2258 pha-

280 2261 376 2302 leris
400 2263 533 2316 posita
556 2263 652 2303 sint.

335 2326 373 2362 8.
406 2323 480 2375 IX,
504 2328 595 2364 359.
629 2323 739 2364 Serv.
768 2321 993 2363 :Phalerae
1022 2328 1259 2364 ornamenta
1289 2335 1486 2377 equorum
1515 2327 1626 2363 sunt.

280 2381 405 2421 Recte
435 2381 618 2436 disputat
643 2381 860 2422 Lerschius
889 2382 1075 2438 phaleras
1101 2395 1262 2437 quoqne
1290 2380 1498 2436 peditibus
1520 2380 1630 2435 apud

280 2441 488 2481 Romanos
523 2455 734 2482 concessas
775 2440 914 2483 fuisse.
951 2441 1009 2484 Cf.
1033 2442 1157 2494 Gell.,
1185 2442 1240 2495 ΙΙ,
1275 2447 1336 2493 11,
1371 2441 1478 2482 Insc.
1512 2440 1625 2482 Mus.

281 2501 447 2549 Veron„
472 2505 565 2551 218,
584 2506 621 2541 2.
643 2524 697 2533 —
715 2501 775 2541 De
796 2500 987 2555 praemiis
1020 2500 1285 2553 militaribus,
1320 2499 1370 2542 cf.
1394 2502 1498 2542 Ann.
1530 2501 1628 2541 Inst.

280 2559 390 2598 Rom.

335 2622 373 2658 9.
405 2618 499 2669 XII,
527 2623 616 2659 296.

337 2682 399 2718 10.
431 2677 502 2727 IX,
529 2681 619 2718 641.
667 2671 678 2680 '
