1758 2903
669 94 880 129 -37-

95 176 152 225 de
173 185 290 226 terra
316 176 568 225 submissis
594 178 886 241 precantium
917 177 1117 241 genibus
1142 179 1286 243 petita
1315 179 1441 228 idem

94 254 319 302 disserere
345 254 516 317 possiS,
540 269 686 316 quum
708 253 758 300 hi
779 255 897 301 ritus
920 260 1013 300 tota
1036 254 1128 301 fere
1145 255 1439 316 antiquitate,

93 346 150 377 ex
173 346 266 392 quo
295 345 424 376 sacra
451 329 549 376 fieri
575 339 734 393 coepta
761 338 887 390 sunt,
910 331 1161 393 viguerint.
1192 331 1325 379 Adde
1360 349 1441 380 co-

91 421 231 452 ronas
253 406 409 452 omnis
434 407 636 469 generis,
667 422 690 453 e
718 406 870 461 laum,
899 423 952 453 ex
977 406 1118 465 oliva,
1144 423 1168 453 e
1197 407 1389 471 populo,
1416 425 1440 456 e

91 490 263 545 myrto,
290 497 398 529 cum
413 483 583 530 taeniis
625 483 845 544 utrinque
875 482 1287 545 dependentibus¹,
1319 494 1441 531 serta

90 574 276 621 quoque
303 559 396 605 aris
422 559 703 622 templisque
721 559 1009 606 adornandis
1034 559 1260 607 adhibita.
1276 563 1440 607 Sacrae

88 649 200 681 vero
223 636 403 681 arbores
427 633 485 680 ad
528 650 644 696 quas
670 649 763 679 non
799 634 890 679 nisi
924 649 1033 680 cum
1059 634 1267 681 horroris
1309 645 1439 682 motu

89 709 344 764 acceditur,
385 725 503 772 quae
535 709 704 755 votivis
741 708 1019 755 muneribus
1059 709 1358 768 decorantur,
1397 712 1438 757 si

87 794 409 832 memorantur
429 801 456 832 a
474 785 688 848 Virgilio,
715 786 825 847 quis
849 784 1017 831 audeat
1039 785 1316 832 contendere
1338 802 1440 849 poe-

87 870 185 908 tam
212 862 269 908 ad
296 861 683 909 consuetudinem
706 862 916 908 Italicam
941 863 1244 925 potissimum
1285 864 1436 925 respi-

85 953 189 985 cere
213 955 358 1000 quum
380 939 587 986 sciamus
607 944 706 1002 jam
744 938 853 985 inde
890 937 948 984 ab
976 939 1252 1000 antiquitate
1281 955 1436 986 remo-

84 1014 268 1062 tissima
288 1014 474 1062 arbores
489 1031 663 1073 sacras,
687 1014 954 1062 auctoribus
968 1015 1012 1062 Pl
1038 1016 1129 1061 {nio
1151 1024 1193 1061 et
1212 1016 1433 1074 Luciano,

84 1091 239 1158 prima
267 1091 452 1155 templa,
491 1092 668 1156 primos
706 1097 751 1138 et
787 1090 896 1138 deos
931 1090 1114 1138 fuisse2.
1145 1093 1194 1137 In
1231 1090 1436 1138 Pantheo

84 1168 280 1232 quidem
306 1169 407 1230 illo,
437 1168 496 1216 ab
527 1168 735 1232 Agrippa
769 1168 1031 1227 aedificato,
1063 1168 1188 1232 quod
1205 1169 1435 1231 Virgilius

83 1260 195 1292 sane
240 1244 461 1292 demirari
506 1247 674 1309 potuit,
708 1261 865 1292 aereae
904 1244 1059 1292 trabes
1103 1253 1148 1291 et
1179 1244 1342 1291 valvae
1374 1244 1431 1291 ad

81 1320 209 1368 hunc
234 1338 385 1385 usque
404 1321 533 1368 diem
551 1331 757 1368 servatae
782 1337 907 1368 nunc
928 1337 1117 1383 quoque
1133 1321 1431 1383 conspiciun-

82 1405 176 1444 tur.
214 1399 448 1445 Sacellum
478 1397 670 1461 quidem
706 1414 889 1445 aeneum
918 1398 1019 1445 Jani
1046 1397 1225 1444 Gemini
1258 1399 1432 1444 Romae

80 1481 179 1521 erat
205 1474 386 1534 videre;
416 1474 473 1521 ad
499 1475 582 1521 has
611 1485 766 1521 autem
794 1474 932 1521 aedes
956 1477 1005 1521 in
1032 1473 1207 1536 templo
1232 1476 1432 1522 Junonis

80 1549 388 1598 describendo
424 1551 644 1598 allusisse
675 1550 920 1614 Virgilium
955 1551 1060 1615 quis
1084 1555 1188 1614 jure
1226 1551 1430 1597 affirmet

77 1643 227 1691 quum
250 1628 570 1675 vetustissima
592 1627 768 1691 templa
808 1644 925 1690 quae
952 1643 979 1674 a
1017 1628 1207 1675 Graecis
1242 1627 1431 1675 condita

76 1704 267 1751 fuerunt
290 1721 394 1752 aere
416 1704 664 1768 fulgerent,
684 1721 831 1767 quum
866 1703 1097 1766 quaedam
1126 1704 1184 1751 ab
1211 1705 1309 1768 ipso
1327 1721 1429 1751 aere

77 1796 246 1828 nomen
271 1781 545 1837 traherent⁸‚
577 1797 723 1844 quum
746 1782 792 1826 in
820 1782 919 1843 ipsa
943 1780 1127 1827 Alcinoi
1167 1781 1307 1828 domo
1333 1798 1426 1828 non

76 1865 259 1905 tantum
278 1858 463 1917 limina,
495 1857 573 1905 sed
602 1866 646 1905 et
668 1859 792 1904 muri
819 1858 979 1904 ahenei
1006 1858 1152 1904 fuisse
1191 1857 1422 1905 dicantur.

72 1934 146 1980 Ad
170 1943 317 1981 artem
344 1936 577 1998 magicam
605 1935 643 1980 si
689 1950 951 1997 pergemus,
975 1936 1269 1997 reperiemus
1295 1950 1425 1981 ama-

73 2011 218 2058 torias
237 2012 594 2069 incantationes,
607 2013 765 2074 quales
779 2012 826 2056 in
848 2012 904 2057 lV
920 2011 1137 2058 Aeneidis
1154 2011 1426 2059 describun-

73 2096 166 2147 tur,
180 2105 272 2136 non
286 2087 542 2135 admodum
561 2087 619 2134 ab
632 2088 692 2133 iis
711 2087 890 2134 differre
907 2102 1023 2148 quae
1038 2103 1064 2134 a
1079 2087 1228 2151 poetis
1242 2089 1424 2135 Medeae

131 2291 165 2325 1.
195 2286 383 2341 Exempli
409 2286 553 2341 gratia,
583 2287 631 2327 cf.
661 2288 704 2327 in
735 2288 907 2327 Musaeo
940 2286 1200 2340 antiquorum
1238 2286 1424 2327 Lutetiae

71 2351 194 2399 caput
224 2346 411 2386 Herculis
434 2360 706 2387 marmoreum
739 2346 848 2402 quod
876 2360 949 2401 pro
977 2345 1246 2400 Xenophonte
1282 2345 1424 2385 haberi.

71 2404 194 2454 solet3
223 2405 440 2446 lemniscos
463 2419 674 2461 agnoscas,

126 2469 165 2503 2.
196 2463 256 2504 Cf.
287 2467 479 2506 Driccionn.
505 2468 571 2506 des
591 2468 805 2517 antiquitas
825 2465 873 2504 de
895 2463 1049 2518 Saglio‚
1074 2463 1250 2504 Arbores
1272 2477 1421 2503 sacrae-

125 2529 163 2563 3.
197 2523 304 2565 Satis
333 2524 409 2564 erit
444 2538 668 2565 memorare
703 2524 943 2565 thesaurum
982 2523 1096 2564 Atrei
1137 2524 1341 2576 Mycenis,
1386 2530 1426 2562 et

70 2581 211 2622 aedem
244 2582 357 2623 illam
391 2584 561 2638 Spartae
589 2583 740 2626 Junoni
765 2597 919 2625 sacram
943 2597 1046 2638 quae
1078 2585 1283 2636 χαλκίοικος
1312 2582 1422 2623 dice-

67 2640 200 2683 hatur.
