1758 2903
894 59 1132 95 -116-—

471 142 664 185 Servahat
685 142 820 183 senior
841 143 914 197 qui
936 141 1154 183 Parrhasio
1177 142 1379 197 Evandro,

468 206 658 261 Armiger
677 213 770 247 aute
788 205 935 248 fuit....

335 311 456 372 Ergo
486 324 657 372 corpus
702 309 751 354 in
793 306 932 354 domo
967 308 1234 370 exponitur.
1266 307 1402 364 Quod
1437 307 1477 355 si
1517 308 1682 356 limina

336 384 622 432 vestibulum
668 383 850 442 audias,
894 384 1116 448 Virgilius
1161 383 1402 431 videbitur
1441 384 1677 431 heroicam

333 460 721 507 consuetudinem
755 461 1022 518 retinuisse,
1048 475 1197 523 quum
1230 460 1306 506 ἀνὰ
1343 461 1527 523 πρόθυρον
1558 475 1683 507 mor·

334 545 522 583 tuorum
547 552 743 600 corpora
762 536 976 600 protendi
1005 537 1233 595 solerent3
1259 536 1331 583 siu
1358 539 1527 584 atrium
1553 552 1684 584 acce·
1731 550 1734 551 ’
1756 579 1758 582 .

334 615 474 675 peris,
493 615 754 660 Romanurn
782 629 987 677 agnosce
1010 628 1187 660 morem
1203 629 1217 672 3
1234 612 1314 660 sed
1339 613 1596 661 verisimile
1614 620 1686 660 est

335 689 413 738 hic
442 706 594 753 neque
621 688 678 737 de
703 691 822 736 atrio
849 705 1002 752 neque
1035 689 1093 736 de
1129 688 1362 736 vestibulo
1389 690 1485 753 agi,
1519 704 1684 737 verum

334 768 391 814 de
429 767 614 815 tentorii
647 776 729 814 aut
767 766 937 814 domus
982 767 1135 828 regiae
1172 765 1322 813 aditu.
1359 765 1494 823 Quod
1530 774 1685 814 autem

335 860 506 908 corpus
526 845 720 905 positum
744 843 892 890 fuisse
920 842 1112 898 dicitur,
1142 843 1338 890 verbum
1360 842 1551 906 quidem
1569 843 1687 890 Lati-

335 937 450 967 num
473 929 560 979 est,
586 928 634 966 at
670 936 745 966 res
773 936 893 982 quae
919 919 1007 966 hoc
1028 919 1170 966 verbo
1198 919 1486 982 designatur,
1512 935 1685 983 corpus

337 997 513 1045 scilicet
555 998 622 1043 ita
663 997 889 1044 constitui
929 1005 981 1043 ut
1019 1001 1218 1060 januam
1259 1003 1452 1059 spectet,
1496 995 1687 1044 videtur

336 1075 466 1120 omni
489 1082 712 1137 tempore,
735 1072 921 1120 heroico
945 1073 1106 1132 etiam,
1132 1074 1181 1120 in
1206 1088 1294 1120 usu
1321 1072 1485 1133 fuisse,
1509 1073 1549 1120 si
1571 1075 1681 1137 qui-

336 1149 443 1196 dem
469 1148 597 1213 apud
623 1151 880 1196 Homerum
901 1148 1157 1208 Patroclus,

657 1276 773 1310 κεῖται
795 1269 862 1311 ἀνὰ
879 1270 1049 1326 πρόθυρον
1070 1271 1310 1324 τεθραμμένος
1322 1272 1352 1311 ¹.

337 1386 517 1446 Corpus
545 1389 700 1431 autem
724 1382 941 1429 servabat
967 1383 1121 1429 senior
1142 1398 1152 1429 :
1182 1398 1299 1447 quae
1321 1398 1396 1430 res
1425 1383 1490 1430 ita
1515 1389 1684 1431 natura

337 1468 598 1507 monstrata
614 1467 685 1506 est
707 1467 757 1506 ut
777 1458 903 1522 apud
921 1475 1006 1505 nos
1031 1474 1232 1522 quoque,
1257 1460 1340 1521 qui
1369 1467 1495 1505 tanto
1520 1458 1686 1507 discri-

337 1537 467 1582 mine
505 1534 564 1582 ab
598 1535 801 1599 antiquis
826 1533 1164 1598 disjungimur,
1191 1535 1515 1598 praevaluerit.
1542 1535 1682 1599 Apud

337 1615 590 1659 Homerum
604 1621 723 1658 certe
748 1613 1029 1669 Patroclum,
1052 1618 1211 1658 utnon
1233 1627 1358 1658 unus
1382 1611 1587 1658 famulus
1605 1621 1687 1657 aut

336 1692 537 1746 amicus,
576 1689 642 1735 ita
681 1703 845 1735 omnes
881 1687 1202 1750 Myrmidones
1237 1695 1330 1733 tota
1371 1695 1499 1734 nocte
1521 1686 1687 1734 flentes

338 1773 665 1827 gementesque
713 1763 1008 1820 custodiunt,
1061 1764 1182 1826 quo]
1231 1764 1321 1810 viri
1374 1763 1593 1828 dignitati
1644 1773 1689 1811 et

337 1841 541 1888 Achillis
568 1840 715 1887 dolori
742 1839 903 1886 datum
941 1841 1085 1886 fuisse
1111 1839 1258 1887 videri
1286 1848 1449 1902 potest.
1489 1839 1685 1887 Adsidet

338 1918 530 1966 Pallanti
573 1918 777 1980 armiger
814 1920 1020 1964 Acoetes,
1063 1917 1155 1963 Cur
1196 1917 1394 1980 armiger
1411 1917 1434 1964 ‘?
1483 1917 1685 1976 scilicet,

340 1995 473 2042 illurn
504 1994 728 2057 θεράποντα
752 1992 1049 2039 Homericum
1090 1992 1200 2039 licet
1238 2008 1490 2056 agnoscere
1528 1993 1688 2057 quise

341 2072 422 2118 uni
448 2072 551 2118 viro
569 2070 787 2134 applicat,
802 2070 898 2116 sive
919 2068 1171 2127 ultr0,sive
1190 2085 1217 2115 a
1233 2069 1510 2133 parentibus
1532 2084 1687 2116 comes

340 2147 547 2206 additus,
576 2163 629 2193 ac
654 2146 815 2193 famuli
839 2145 1101 2192 fidelissimi
1126 2161 1179 2192 ac
1205 2144 1559 2210 diligentissimi
1584 2161 1688 2210 par-

343 2225 467 2271 tibus
493 2224 722 2287 fungitur.
753 2221 900 2269 Addit
922 2229 1055 2286 poeta
1077 2238 1088 2267 τ

425 2339 585 2380 Circum
609 2338 741 2379 omnis
766 2337 1046 2391 famulumque
1067 2351 1211 2378 manus
1229 2337 1484 2392 Trojanaque
1506 2335 1627 2378 turba

423 2405 475 2443 Et
499 2410 696 2443 maestum
714 2401 862 2443 Iliades
883 2402 1034 2443 crinem
1059 2401 1107 2442 de
1129 2415 1236 2443 more
1257 2401 1453 2443 solutae².

407 2556 437 2588 l.
471 2550 516 2590 lc.
539 2550 649 2597 XIX,
673 2554 767 2590 212.

403 2613 439 2646 2.
471 2611 565 2648 Aen.
590 2609 660 2659 XI,
688 2613 751 2648 34.
