1758 2903
606 189 817 227 ..69-

103 275 239 334 Quod
272 290 379 322 vero
411 271 470 320 ad
499 289 650 321 mores
681 274 858 334 attinet,
898 274 945 321 in
991 274 1120 322 nulla
1154 290 1204 322 re
1226 274 1383 323 forsan

36 361 216 400 tantam
252 351 311 398 ab
337 351 535 397 Homero
563 349 808 397 recedendi
831 349 1065 398 licentiam
1092 352 1183 399 sibi
1222 360 1385 416 poetae

39 429 199 476 Graeci
237 426 616 473 vindicaverunt.
645 428 817 474 Notum
858 434 927 474 est
966 443 1114 489 paene
1161 427 1384 475 omnibus

36 502 267 567 quidquid
302 504 349 550 in
385 502 473 548 hoc
499 518 667 565 genere
692 502 795 549 ausi
825 510 950 560 sunt,
975 518 1060 549 nec
1081 503 1170 550 hoc
1189 503 1384 550 verbum

36 580 102 627 sic
122 579 268 640 accipi
292 577 432 625 velim
456 579 593 641 quasi
620 593 755 625 suam
779 577 872 625 illis
889 577 1273 626 libertatemvitio
1292 594 1386 625 ver-

36 664 132 702 tam
156 671 166 702 :
191 655 329 701 venia
349 655 494 717 poetis
511 654 639 700 nullo
653 670 747 700 non
765 661 972 717 tempore
985 670 1205 701 concessa
1225 653 1386 702 viden-

38 737 233 796 turJure
250 731 495 778 usifuisse.
514 733 691 777 Horum
708 730 914 793 vestigiis
932 730 1225 778 insistentem
1248 747 1387 794 saepe

39 807 288 872 Virgilium
330 807 436 854 licet
477 805 842 869 deprehendere.
878 808 1142 853 Exornatur
1186 809 1386 855 Junonis

42 883 274 947 templum
301 893 383 930 aut
408 884 576 929 statuis
604 883 650 928 in
683 882 867 945 fastigio
899 883 1081 944 positis,
1110 890 1160 929 ut
1193 883 1387 946 quidam

41 960 225 1018 volunt,
248 967 329 1006 aut
350 959 548 1024 picturis
568 974 651 1022 per
667 958 864 1022 parietes
890 959 1018 1022 ipsos
1050 958 1310 1022 dispositis,
1339 968 1391 1006 ut

38 1052 148 1084 vero
168 1035 362 1099 propius
390 1042 461 1081 est
487 1053 496 1080 :
527 1051 583 1081 ne
603 1050 799 1096 quaeras
825 1042 987 1081 utrum
1012 1050 1158 1081 necne
1181 1051 1253 1081 ars
1278 1036 1387 1098 pin-

44 1112 186 1176 gendi
213 1117 312 1176 Jam
353 1112 541 1158 heroico
569 1118 781 1174 tempore
832 1111 970 1158 suerit
999 1119 1109 1158 nota
1151 1120 1291 1175 atque
1327 1112 1392 1158 ita

42 1189 251 1236 floruerit
273 1196 326 1235 ut
349 1203 469 1251 quae
504 1186 720 1234 versibus
751 1186 1098 1234 celebrarentur
1123 1203 1177 1234 ea
1203 1203 1390 1251 quoque

44 1265 227 1329 possint
269 1264 417 1311 oculis
450 1263 671 1326 penicillo
704 1262 936 1311 delineata
981 1271 1121 1328 atque
1153 1280 1388 1327 expressa,

44 1340 229 1404 subjici.
257 1339 507 1404 Euripides
547 1340 596 1386 in
626 1341 758 1386 Ιοηει
797 1339 1003 1402 (heroico
1041 1345 1134 1401 iam
1164 1349 1389 1404 tempore,

46 1434 195 1481 quum
228 1421 401 1465 Creusa
429 1423 578 1463 mater
604 1416 727 1463 Ionis
765 1415 1017 1479 eademque
1043 1415 1253 1463 Erechtei
1276 1416 1390 1474 filia,

46 1493 105 1542 de
132 1509 225 1556 quo
245 1492 372 1556 apud
395 1495 644 1539 Homerum
681 1492 853 1539 mentio
873 1496 971 1555 Jam
1009 1492 1179 1556 injecta
1213 1500 1300 1552 est,
1344 1493 1394 1540 in

47 1570 133 1617 hac
159 1569 316 1617 sabula
338 1567 545 1632 prodeat)
571 1568 722 1614 varias
747 1568 795 1614 in
825 1567 985 1632 templi
1009 1568 1216 1632 Delphici
1243 1570 1395 1633 porti-

47 1645 183 1693 cibus
202 1646 411 1709 picturas
434 1644 644 1708 conspici
672 1648 773 1707 jam
794 1645 1129 1691 commentitus
1153 1655 1267 1691 erat.
1290 1645 1393 1692 Noli

46 1737 232 1786 quoque
268 1721 429 1768 mirari
456 1728 639 1767 tantum
667 1720 792 1784 apud
819 1720 1070 1783 Virgilium
1096 1722 1218 1767 inter
1237 1723 1395 1784 Troja-

48 1813 220 1846 norum
245 1806 291 1845 et
317 1799 594 1844 Graecorum
622 1812 881 1843 sermonem
916 1804 996 1843 aut
1016 1797 1230 1844 habitum
1257 1799 1398 1844 inter-

50 1890 168 1934 esse,
210 1890 357 1938 quum
400 1873 449 1920 hi
498 1880 637 1936 atque
675 1872 745 1919 illi
785 1872 908 1936 apud
943 1874 1197 1920 Homerum
1237 1874 1398 1922 eadem

49 1950 230 2014 lingua,
261 1949 424 1997 eodem
448 1949 659 2013 corporis
685 1947 811 1996 cultu
837 1950 905 1995 uti
932 1948 1211 2009 videanturj,
1244 1951 1398 2013 praei-

48 2035 213 2075 verant
231 2027 397 2089 tragici
413 2026 515 2090 qui,
539 2026 756 2087 quamvis
777 2024 958 2072 fabulas
976 2025 1188 2073 heroicas
1200 2026 1247 2072 in
1267 2034 1408 2074 actus*

51 2102 299 2163 deducant,
336 2118 429 2150 non
474 2109 631 2149 tamen
671 2100 729 2148 ad
773 2100 978 2149 heroicae
1016 2102 1180 2149 aetatis
1225 2118 1398 2160 more3‚

52 2299 208 2342 Deinde
230 2300 288 2341 ita.
304 2300 486 2355 loquitur
508 2299 586 2341 Iris
607 2313 616 2339 ε

796 2354 914 2394 Hunc
936 2367 1011 2408 ego
1031 2355 1112 2396 Diti

187 2408 357 2448 Sacrum
372 2406 490 2460 jussa
517 2409 616 2457 sero.

56 2500 264 2556 Suspicari
303 2501 424 2541 etiam
458 2500 567 2553 licet,
605 2499 799 2554 quoniam
831 2499 1007 2540 Alcestis
1036 2500 1127 2554 ipsa
1163 2517 1180 2535 α
1200 2513 1273 2540 nec
1306 2500 1403 2552 fato,

55 2560 200 2601 merita
219 2573 291 2599 nec
311 2566 440 2600 morte
461 2577 482 2595 n
503 2566 655 2613 pereat!
683 2557 905 2612 Virgilium
926 2559 983 2599 ita
1002 2557 1246 2613 Euripideos
1266 2572 1406 2599 versus

56 2619 368 2674 interpretatum
396 2632 483 2658 esse
512 2617 629 2672 quasi
649 2616 692 2656 in
713 2616 869 2657 acerbis
897 2617 1110 2658 funeribus
1140 2617 1333 2672 capillum
1357 2617 1417 2665 ad,

58 2677 290 2722 solvendam
311 2676 488 2717 animam
507 2675 633 2718 secari
651 2689 813 2717 necesse
837 2683 956 2718 esset.

117 2741 151 2777 1.
182 2738 267 2789 Ion,
291 2751 326 2778 v,
360 2741 447 2779 192.
