1758 2903
694 154 929 189 —131—

141 258 196 287 ne
215 241 304 303 ipsi
321 241 509 304 quidem
524 255 665 302 quem
689 238 961 301 alloquitur,
990 253 1099 285 voce
1126 244 1307 285 tantum
1322 236 1485 284 adesse

141 317 435 380 intelligitur,
461 323 511 362 ut
527 332 670 379 quum
687 315 854 378 Apollo
876 314 998 362 nube
1022 314 1192 362 sedens
1215 314 1415 362 necdum
1439 315 1487 360 in

134 396 281 440 Buten
298 408 549 439 conversus
566 392 765 438 Ascanio
788 392 1007 439 virtutem
1025 390 1288 454 gratulatur
1300 392 1333 438 ¹.
1350 393 1486 439 Nunc

138 470 231 527 Dii,
265 467 437 516 diffusa
467 467 666 531 caligine
703 484 795 531 qua
831 469 959 514 visus
992 475 1035 514 et
1060 467 1411 514 Homericorum
1444 476 1488 514 et

142 544 509 608 Virgilianorum
546 545 718 608 pariter
745 543 941 590 heroum
974 543 1270 599 hebetantur,
1302 543 1395 605 ipsi
1416 559 1490 606 ap-

143 630 322 685 parent,
360 629 413 668 ut
455 637 602 684 quum
636 620 801 666 armati
836 622 998 682 Trojae
1032 621 1219 667 moenia
1254 618 1491 666 subruunt

146 714 274 745 nunc
297 713 427 756 vero,
462 707 507 745 et
532 696 580 743 id
619 696 914 760 plerumque,
954 703 1035 743 aut
1068 697 1227 743 Venus
1267 695 1320 742 fit
1354 695 1492 760 Tyria

146 774 277 836 virgo
316 781 396 820 aut
424 775 544 821 Juno
571 776 712 820 Beroe
738 789 870 819 soror
906 779 988 819 aut
1020 771 1189 836 Apollo
1212 775 1372 831 Butes,
1411 779 1495 818 aut

144 852 344 898 Juturna
363 851 413 896 in
439 849 651 912 aurigam
680 849 823 896 Turni
849 856 1081 908 mutatur3
1120 864 1323 912 quarum
1349 853 1493 912 ἐπιφα-

146 934 258 973 νειῶν
282 926 492 989 exempla
512 925 756 972 Homerica
775 926 930 972 cuivis
955 925 1004 971 iu
1019 932 1238 988 promptu
1253 932 1322 972 est
1346 941 1493 972 recor-

152 1002 269 1050 dari.

213 1077 301 1127 Sed
340 1077 399 1125 ad
431 1078 522 1124 alia
538 1082 638 1142 J'am
670 1077 954 1141 pergendum
985 1085 1071 1125 est.
1101 1079 1351 1126 Neminem
1377 1077 1497 1142 fugit

150 1155 421 1203 Homericos
444 1156 563 1200 Deos
590 1155 639 1200 in
663 1154 881 1219 Olympo,
915 1155 963 1200 in
989 1161 1146 1202 monte
1173 1154 1347 1202 scilicet
1377 1155 1498 1202 inter

149 1231 436 1280 Thessaliam
462 1229 870 1292 Macedoniamque
891 1232 981 1277 sito
1008 1231 1246 1287 habitare;
1282 1231 1384 1279 Jovi
1412 1247 1498 1277 au-

151 1316 246 1356 tem
266 1309 314 1354 in
331 1323 519 1355 summo
541 1307 714 1354 montis
740 1306 963 1366 culmine,
992 1306 1204 1368 domum,
1229 1308 1379 1371 regiae
1399 1307 1499 1354 cui-

151 1384 260 1431 dam
275 1383 585 1448 persimilem,
600 1399 718 1444 esse,
737 1385 902 1430 ceteris
924 1399 1032 1431 vero
1047 1384 1146 1430 Diis
1168 1399 1308 1430 suum
1327 1384 1501 1445 cuique

146 1465 336 1525 jiugum,
373 1476 507 1507 suam
545 1461 721 1523 regiam
764 1460 905 1507 fuisse
928 1461 1235 1523 assignatam.
1267 1459 1381 1516 Quis
1408 1475 1500 1505 non

153 1538 450 1585 Homericum
472 1536 608 1582 illum
638 1535 893 1601 Olympum
917 1544 1140 1600 agnoscat
1172 1551 1321 1600 quum
1345 1537 1501 1600 Virgi-

152 1613 247 1661 lius
261 1612 350 1661 hoc
377 1612 515 1661 modo
542 1612 696 1660 sedem
720 1615 917 1660 Deorum
941 1612 1169 1660 describit
1190 1629 1202 1661 z

233 1735 436 1777 Panditur
455 1736 612 1776 interea
635 1737 774 1777 domus
794 1738 1070 1788 omnipotentis
1092 1738 1248 1789 Olympi

234 1800 543 1855 Conciliumque
560 1807 671 1842 vocat
686 1800 836 1842 Divum
855 1807 970 1857 pater
988 1807 1110 1856 atque
1126 1800 1339 1842 hominum
1358 1814 1427 1841 rex

235 1865 443 1907 Sideream
463 1865 507 1906 in
531 1866 668 1906 sedem
680 1868 764 1908 ²....

232 1930 460 1972 Considunt
483 1933 589 1972 tectis
612 1933 887 1982 bipatentibus.

216 2046 316 2092 Jam
337 2059 478 2107 supra
503 2044 712 2091 vidimus
749 2043 1003 2107 aliquando
1028 2046 1149 2092 inter
1174 2048 1423 2093 Homerum
1465 2055 1511 2094 et

114 2113 117 2117 “
155 2121 401 2184 Virgilium
427 2120 485 2168 de
505 2120 702 2168 humani
729 2122 876 2168 animi
904 2128 949 2169 et
968 2130 1135 2169 natura
1160 2129 1204 2170 et
1228 2122 1325 2170 fato
1347 2138 1509 2170 conve-

161 2199 276 2246 nire.
307 2198 461 2246 Liceat
479 2214 665 2261 quoque
687 2198 778 2246 huc
797 2214 992 2247 versum
1019 2200 1199 2247 trahere
1231 2214 1242 2246 ι

936 2315 1094 2356 Salvete
1116 2315 1266 2370 recepti

204 2389 210 2392 ·
239 2371 527 2427 Nequidquam
543 2373 697 2414 cineres
711 2374 950 2428 animaeque
963 2373 1212 2429 umbraeque
1223 2380 1412 2429 paternae
1427 2375 1456 2418 ³.

161 2485 248 2534 Ubi
284 2485 555 2534 scholiastes
580 2507 600 2531 «
623 2487 858 2534 hominem
897 2488 946 2534 in
972 2488 1059 2535 tria
1085 2486 1272 2545 dividit,
1303 2487 1512 2534 animam

164 2580 285 2627 quae
310 2565 360 2610 in
381 2564 563 2612 coelum
589 2565 704 2622 abit,
720 2566 939 2613 umbram
963 2581 1083 2629 quae
1106 2564 1166 2623 >ad
1192 2565 1382 2624 inferos,
1407 2581 1511 2611 cor-

223 2698 555 2749 1.1X,e41.-
584 2704 622 2740 2.
655 2699 706 2751 X,
731 2705 764 2739 1.
790 2723 843 2730 -
873 2705 910 2740 3.
943 2700 992 2751 V,
1021 2704 1086 2741 80.
