1758 2903
132 231 271 278 simul
302 246 407 278 cum
434 239 604 290 sceptro
625 230 858 277 invenias.
886 230 1145 278 Plurimum
1175 239 1330 279 autem
1360 233 1479 280 inter

132 309 326 353 trabeam
343 323 394 352 ac
415 312 463 351 τὸ
483 308 600 368 φάρος
618 307 827 364 Homeri,
858 308 1074 369 quamvis
1100 316 1297 370 utraque
1332 309 1476 356 vestis

128 397 364 446 purpurea
388 381 547 439 fuerit,
573 381 758 428 videtur
783 383 1033 441 interesse;
1064 383 1323 447 plurimum
1354 401 1472 446 quo-

127 475 219 521 que
248 459 370 505 inter
394 460 549 505 sellam
575 459 773 505 curulem
800 466 938 521 atque
960 459 1063 505 illos
1084 460 1253 520 lapides
1275 461 1476 522 laeviqu-

128 541 193 581 tos
218 534 388 598 quibus
414 534 593 582 heroici
619 535 718 581 aevi
743 551 873 597 reges
898 535 1107 581 insidere
1143 536 1266 599 apud
1305 539 1476 583 Home-

126 626 233 656 rum
259 608 498 657 dicuntur.
531 614 673 673 Θρόνος
696 611 814 673 ipse,
840 610 924 672 qui
949 611 1158 672 Trojanis
1185 612 1473 675 temporibus

126 685 176 731 in
221 702 309 732 usu
360 695 481 746 erat,
533 687 689 749 potius
728 685 857 732 sedes
900 686 1154 749 quuslibet
1194 688 1283 734 viri
1329 688 1473 735 fuisse

125 777 268 823 quam
295 779 460 825 regum
486 762 688 809 videtur.
721 765 894 809 Corona
926 764 1111 808 radiata
1139 778 1258 824 quae
1290 764 1469 822 Latino,

124 838 244 884 Solis
270 839 444 899 nepoti,
465 838 619 894 datur,
652 854 743 883 non
769 839 965 884 omnino
990 839 1213 884 Romanis
1237 840 1472 887 eratineo-

120 915 281 977 gnita¹.
296 915 419 972 Quid
438 914 562 977 quod
582 919 725 974 fasces
740 915 962 977 Virgilius
980 916 1044 960 ait
1065 915 1251 975 regibus
1274 932 1473 979 regnum

121 980 475 1042 auspicantibus
511 979 721 1026 attolli²?
756 979 879 1042 quod
927 981 1296 1027 instrumentum
1332 989 1380 1027 at
1399 998 1473 1044 lue

121 1055 310 1116 insigne
332 1057 554 1102 Romanis
576 1055 762 1118 regibus
781 1072 834 1102 ac
857 1055 1206 1119 magistratibus
1227 1057 1471 1119 proprium

120 1131 266 1178 fuisse
295 1140 390 1178 tota
420 1132 514 1178 fere
547 1133 743 1178 historia
774 1140 985 1179 testatur.
1022 1134 1226 1178 Cinctum
1255 1132 1471 1180 Gabz'izum

121 1210 361 1255 suffecerit
379 1211 673 1256 memorare³.
694 1208 828 1271 Apud
850 1208 1041 1264 inferos,
1058 1225 1182 1255 unus
1196 1226 1220 1255 e
1234 1211 1473 1272 magistra·

119 1285 245 1331 tibus
272 1287 493 1333 Romanis
517 1286 687 1345 factuS,
714 1287 863 1332 Minos
890 1288 1113 1346 quaesitor
1134 1294 1344 1344 vocatur3
1375 1287 1471 1333 imo

117 1377 243 1419 vero,
257 1362 533 1424 quaesitoris
556 1361 828 1408 muneribus
847 1362 1074 1424 fungitur,
1089 1377 1235 1424 quum
1252 1361 1467 1423 judicum

117 1438 327 1497 nomina,
357 1454 474 1501 quos
498 1439 544 1484 in
571 1437 825 1485 consilium
851 1445 993 1495 vocet,
1025 1438 1144 1501 ipse,
1176 1453 1296 1484 urna
1323 1447 1462 1496 mota,

115 1514 338 1561 sortiatur
351 1515 380 1562 ⁶.
411 1517 512 1560 Jam
538 1513 593 1561 de
613 1516 818 1575 patribus
842 1513 1082 1561 diximus:
1113 1513 1300 1561 attende
1327 1515 1466 1561 etiam

116 1600 330 1638 senatum
356 1599 556 1638 sanctum
595 1592 792 1646 vocari⁵,
832 1589 957 1653 quod
993 1591 1190 1637 verbum
1229 1595 1465 1655 majestate

113 1668 322 1714 Romana
352 1676 422 1714 est
453 1667 680 1730 plenum;
723 1675 935 1714 senatum
977 1666 1178 1713 Evandri
1214 1684 1464 1728 pauperem

115 1743 249 1802 dici⁶,
274 1760 391 1807 quae
417 1744 520 1791 laus
544 1745 594 1791 in
636 1745 789 1806 primo
817 1747 1133 1791 Romanorum
1162 1754 1325 1791 senatu
1352 1745 1466 1792 solet

113 1820 397 1883 praedicari3
421 1829 519 1867 tum
543 1828 690 1880 patres
728 1821 1026 1881 populumque
1057 1836 1152 1866 una
1179 1821 1416 1867 nominari
1429 1824 1460 1879 ⁷,

113 1897 499 1943 itautf·›rn1utam
524 1895 896 1949 celeberrimam,
919 1897 964 1941 in
986 1897 1104 1942 actis
1116 1912 1170 1942 ac
1184 1912 1460 1942 monumen-

110 1973 170 2020 tis
187 1972 420 2020 veteribus
442 1971 619 2034 ubique
640 1972 823 2019 obviam
842 1981 972 2034 poeta
986 1971 1201 2018 videatur
1215 1972 1457 2019 adhibere.

166 2152 201 2190 1.
232 2146 292 2187 Cf.
315 2145 495 2194 Florum,
527 2146 600 2195 IV,
627 2150 664 2186 2.
691 2145 822 2196 Suet,
846 2147 966 2197 Aua„
992 2144 1065 2194 IV,
1093 2151 1130 2185 2.

164 2212 202 2247 2.
233 2205 326 2257 VII,
359 2210 452 2254 1733
472 2205 544 2257 VI,
572 2209 663 2246 819.

165 2271 203 2364 Ξ.
234 2265 510 2373 ἕξᾊέιὶῗᾞΐ.
539 2321 641 2372 Cic„
667 2324 775 2364 Ver-r.
807 2323 840 2373 1,
873 2327 932 2373 10,
961 2328 1022 2373 17,
1048 2331 1086 2362 et
1106 2322 1266 2363 Pseudo
1293 2324 1387 2363 Asc.
1409 2324 1461 2364 ad

109 2382 183 2422 hos
204 2381 324 2423 locos.
358 2383 481 2422 Recte
510 2381 729 2422 Lerschius
763 2385 1025 2433 quaesitorem
1051 2395 1073 2421 a
1093 2383 1227 2432 judice
1249 2389 1288 2421 et
1305 2384 1459 2423 vindice

109 2440 343 2494 distinguit,

161 2506 199 2540 5.
230 2501 265 2549 Ι,
295 2505 384 2540 426.
415 2499 494 2549 Qui
529 2513 669 2539 versus
700 2497 842 2539 multis
869 2498 1164 2554 interpretibus
1189 2498 1457 2554 interpolatus

104 2559 216 2600 visus
237 2566 312 2598 est.
335 2559 394 2600 Cf.
415 2560 464 2600 E.
480 2559 663 2612 Benoist,
684 2558 734 2598 ad
751 2558 793 2600 h.
819 2559 847 2599 l.

161 2624 199 2661 6.
232 2619 346 2666 Vm,
378 2623 466 2659 105.

162 2683 199 2717 7.
231 2678 344 2728 vm,
372 2683 469 2727 6793
494 2677 564 2728 IV,
590 2681 688 2727 6823
712 2677 782 2727 IX,
814 2682 901 2718 192.
