1758 2903
653 163 808 199 —-137
839 181 891 189 ..-

93 248 226 312 equis
248 254 507 306 uterentur,
538 263 672 310 posse
691 263 715 294 e
735 247 895 294 divina
919 248 1060 310 stirpe
1081 262 1225 310 equos
1249 247 1296 294 in
1320 255 1441 294 terra

96 322 322 370 oriundos
347 338 459 370 esse.
486 322 695 385 Exempli
719 339 860 369 causa
884 324 1059 386 Jupiter
1083 339 1228 386 equos
1253 327 1440 371 Laome-

0 380 2 382 i
27 399 31 402 ’
95 397 228 445 donti
259 397 447 445 dederat
472 398 644 461 quibus
666 414 811 461 equas
843 399 1177 461 supponendas
1211 400 1441 448 Anchises

95 474 298 533 curavit3
333 474 479 521 simili
507 473 670 521 fraude
691 473 874 537 jugales
895 490 921 520 a
940 475 1102 521 Latino
1131 475 1313 522 Aeneae
1348 475 1443 522 dati

94 549 153 597 ab
187 551 295 613 equi
321 551 434 597 solis
471 552 700 615 originem
736 550 1001 598 ducebant¹.
1032 550 1165 600 Multi
1192 566 1442 612 praecones

95 625 218 690 apud
232 628 484 673 Homerum
502 646 514 685 3
532 628 581 673 in
602 627 802 674 Aeneide
822 644 944 674 unus
963 636 1149 674 tantum
1164 627 1442 675 Cloanthum

93 703 310 750 victorem
336 702 568 750 declarare
584 703 780 759 dicitur;
805 710 852 750 at
873 705 911 749 si
934 704 1039 765 quis
1067 712 1220 766 partes
1254 720 1443 767 praeco-

95 780 168 826 nis
206 786 287 826 aut
326 778 464 842 legati
500 781 714 843 suscipit,
760 780 866 826 vide
918 796 1057 843 quam
1097 796 1180 826 sua
1225 779 1445 827 mandata

94 871 241 918 paene
287 855 465 902 eisdem
502 855 658 902 verbis
696 855 870 917 quibus
894 854 1001 901 data
1033 855 1224 913 fuerint,
1259 854 1440 912 reddat,

92 933 364 980 Homericos
387 948 638 994 praecones
658 932 707 978 in
722 932 811 979 hoc
830 932 1076 979 imitatus².

156 1011 206 1054 ln
234 1007 359 1054 ludis
390 1024 498 1055 vero
525 1018 574 1054 ut
608 1008 841 1071 quaedam
879 1007 1108 1070 praemia,
1140 1006 1442 1055 lemniscatae

72 1084 271 1138 *scilicet
295 1100 508 1143 coronae,
533 1092 576 1130 et
608 1085 713 1146 equi
749 1084 950 1146 phaleris
970 1084 1180 1146 insignes
1204 1092 1247 1130 et
1275 1082 1444 1131 loricae

91 1160 246 1208 hamis
286 1170 526 1207 consertae
564 1170 609 1208 et
649 1160 872 1225 phrygiae
909 1159 1181 1223 chlamydes
1226 1160 1444 1208 videntur

95 1238 255 1284 minus
302 1235 361 1284 ad
403 1237 756 1299 antiquissimas
807 1235 1170 1283 consuetudines
1212 1238 1443 1300 pertinere

92 1322 232 1377 atque
258 1312 495 1360 interdum
517 1313 659 1359 seculi
687 1312 918 1375 politioris
947 1322 1065 1359 artes
1090 1321 1226 1375 atque
1250 1313 1444 1360 delicias

93 1391 244 1437 oculis
264 1390 515 1454 legentium
536 1391 672 1452 quasi
689 1389 937 1452 subjicere,
962 1390 1026 1436 ita
1046 1388 1254 1452 tripodes
1277 1399 1321 1436 et
1340 1406 1442 1436 cra-

95 1476 229 1525 teres,
259 1474 304 1514 et
332 1467 435 1513 auri
468 1466 745 1532 argentique
772 1465 944 1512 talenta
974 1473 1020 1511 et
1050 1481 1183 1512 serva
1214 1484 1235 1509 «
1264 1482 1444 1527 operum

91 1545 213 1591 haud
235 1545 397 1604 cynara
421 1533 648 1591 Mihcrvae
672 1562 695 1585 »
724 1541 859 1589 nohis
893 1541 1104 1589 heroicae
1128 1542 1248 1589 vitae
1275 1544 1443 1606 imagi-

92 1636 200 1668 nem
221 1619 440 1668 reddunt.
544 1614 546 1617 ¹
726 1667 728 1669 ,

156 1698 301 1754 Quae,
327 1704 378 1743 ut
398 1711 633 1757 nusquam
654 1711 773 1759 pura
800 1710 851 1742 ac
875 1695 1073 1753 sincera,
1098 1694 1229 1741 nulla
1253 1694 1443 1741 alterius

94 1773 253 1820 aetatis
278 1772 461 1836 adJecta
497 1773 860 1831 consuetudine,
882 1771 1081 1828 exsistit,
1119 1779 1276 1818 tamen
1302 1771 1350 1817 in
1390 1787 1443 1818 ea

91 1849 317 1897 carminis
350 1857 482 1913 parte
513 1865 604 1912 qua
637 1864 823 1911 pugnae
859 1864 911 1895 ac
940 1848 1059 1895 bella
1086 1856 1358 1906 narrantur,
1382 1848 1442 1895 ad

92 1928 339 1975 veritatem
374 1943 531 1974 rerum
568 1943 620 1974 ac
655 1934 922 1989 temporum
969 1927 1192 1974 subtilius
1223 1941 1443 1989 expressa

91 2004 236 2051 fuisse
258 2003 457 2051 videtur.
483 2007 584 2051 Jam
613 2006 821 2066 primum
844 2004 883 2050 si
910 2004 1098 2050 metalla
1117 2004 1287 2067 quibus
1315 2003 1442 2050 varia

90 2075 223 2128 arma
241 2089 454 2128 constant
468 2079 784 2143 coniparabiS‚
805 2081 972 2126 miram
1000 2080 1254 2143 quamdam
1277 2079 1443 2126 simili·

93 2157 302 2204 tudinem
321 2156 553 2204 Aeneidos
578 2172 688 2203 cum
711 2155 851 2203 ttiade
873 2157 1105 2204 invenies,
1124 2157 1309 2203 Etenim
1331 2170 1439 2202 eru-

91 2234 179 2281 diti
194 2235 282 2281 viri
305 2250 450 2297 paene
464 2250 510 2281 se
528 2237 818 2296 ccmpertum
837 2233 1006 2281 habere
1028 2234 1212 2297 putant3
1230 2234 1440 2297 primum

93 2311 312 2358 homines
348 2312 491 2357 armis
524 2312 672 2356 aereis
704 2318 884 2357 tantum
916 2326 1028 2357 usos
1063 2310 1224 2368 fuisse,
1258 2309 1442 2357 heroica

90 2392 188 2452 jam
211 2396 357 2434 aetate
379 2387 573 2446 ferrum,
605 2385 687 2434 sed
713 2402 817 2433 raro
845 2394 890 2434 et
912 2387 969 2434 ad
991 2386 1233 2434 hastarum
1261 2385 1441 2449 spicula

154 2540 187 2574 1.
217 2535 264 2574 Il.
286 2534 376 2583 XX,
395 2547 433 2574 v,
459 2539 558 2585 2193
583 2535 630 2574 Il.
657 2534 707 2586 V,
736 2539 833 2586 2653
853 2536 949 2575 Aen.
975 2532 1066 2582 VH,
1088 2537 1178 2572 275.

146 2599 185 2634 2.
216 2597 312 2633 Αεη.
339 2593 410 2639 IV,
434 2597 526 2633 265.

149 2658 186 2692 3.
218 2651 492 2705 Barthelemy,
524 2653 638 2693 illem.
667 2654 711 2693 de
746 2653 995 2694 [Academia.
1022 2674 1073 2681 -
1097 2649 1332 2704 Ptossignol‚
1373 2651 1441 2691 Les

92 2715 256 2753 mccausr
276 2712 376 2752 dans
397 2710 627 2762 l'antiquild.
