1758 2903
834 147 1017 181 -Ξ-

255 229 497 285 Eickh0f⁵‚
526 230 624 292 qui,
651 228 765 275 dum
793 230 839 276 in
873 229 1023 277 tribus
1051 222 1192 277 'libris
1229 232 1351 277 furta
1381 232 1585 294 Virgilii,

254 321 446 354 excussa
480 313 742 368 poetarum,
773 312 873 351 tum
907 306 1162 367 epicorum,
1200 315 1298 353 tum
1334 307 1586 370 lyricorum

253 382 504 446 farragine,
533 380 841 444 persequitur,
880 379 1096 428 dubitare
1134 397 1224 428 nou
1261 381 1442 429 videtur
1469 383 1588 445 quin

253 458 472 521 pleraque
487 457 535 503 in
550 454 748 503 Aeneide
770 464 815 502 et
840 457 1010 502 Graeca
1033 457 1124 503 sint
1143 465 1188 503 et
1213 456 1271 503 ad
1299 459 1591 520 antiquitatis

253 533 516 582 homericae
546 532 742 595 speciem
775 533 1052 594 praesertim
1082 531 1379 580 adumbrata.
1415 535 1590 580 Novam

253 619 409 657 tamen
441 608 563 655 hanc
589 608 860 670 opinionem
896 622 949 653 ac
991 623 1139 670 paene
1174 606 1435 655 hesternam
1470 618 1591 656 recte

254 686 579 744 affirmaveriS,
599 685 639 730 si
666 682 723 729 ad
741 692 918 730 veteres
942 692 988 730 te
1009 683 1195 739 refera8‚
1216 685 1501 747 quicumque
1518 684 1591 731 vel

254 773 415 826 poetae
440 761 511 808 vel
530 760 820 824 grammatici
834 758 904 806 vel
921 760 1193 821 interpretes
1214 767 1294 805 aut
1310 758 1366 806 de
1386 759 1593 807 Aeneide

253 840 422 901 raptim
459 846 504 885 et
535 837 672 900 quasi
709 834 835 883 alind
870 843 1057 899 agentes
1096 835 1237 882 locuti
1276 843 1402 890 sunt,
1435 837 1590 883 autin

254 916 458 962 carmine
481 911 754 976 explicando
776 910 1150 958 elaboraverunt.
1371 919 1378 925 ‘

319 993 377 1039 Ut
418 989 629 1053 exempla
659 988 888 1051 quaedam
928 989 1139 1045 afferam,
1178 1005 1342 1052 operae
1386 990 1589 1053 pretium

257 1078 327 1115 est
361 1067 526 1114 audire
561 1068 618 1112 A.
661 1065 860 1112 Gellium
897 1063 953 1110 de
996 1063 1182 1111 dierum
1226 1064 1512 1129 temporibus
1548 1074 1594 1111 et

255 1143 449 1200 finibuS,
467 1141 523 1188 de
545 1139 799 1198 vestibulo,
816 1139 872 1186 de
890 1139 1162 1187 bidentibus
1183 1139 1517 1203 disputantem.
1533 1142 1593 1188 Et

254 1221 381 1267 enim
406 1233 556 1282 quum
571 1216 675 1264 vult
691 1215 932 1263 ostendere
955 1215 1078 1278 apud
1097 1216 1321 1278 populum
1342 1231 1589 1263 romanum

256 1296 357 1343 dies
379 1293 589 1357 singulos
618 1308 644 1339 a
670 1292 825 1339 media
846 1300 978 1338 nocte
999 1308 1146 1354 usque
1169 1291 1224 1337 ad
1253 1291 1456 1338 mediam
1482 1308 1594 1338 noc·

256 1381 348 1419 tem
386 1371 646 1434 proximam
694 1367 1017 1425 adnumerari,
1051 1366 1233 1414 laudato
1275 1354 1345 1415 M}
1386 1369 1593 1414 Varrone

258 1457 302 1495 et
322 1450 378 1504 Q.
394 1447 548 1494 Mucio
564 1443 916 1507 Jurisconsulto‚
935 1444 1073 1489 variis
1092 1458 1280 1506 quoque
1302 1444 1593 1506 argumentis

255 1541 281 1572 e
304 1523 524 1587 religione
550 1528 688 1584 atque
712 1535 736 1567 e
756 1524 862 1582 jure
888 1519 1019 1565 civili
1046 1519 1223 1582 petitis,
1262 1518 1320 1566 ad
1347 1519 1592 1583 Virgilium

256 1604 321 1647 ita
353 1606 610 1663 provocat:
650 1616 671 1638 ι
707 1595 883 1642 lsthaec
922 1603 1076 1641 autem
1117 1596 1276 1640 omnia
1315 1594 1371 1641 de
1412 1594 1593 1641 dierum

256 1673 546 1738 temporibus
587 1680 633 1719 et
671 1671 843 1717 finibus
885 1669 943 1716 ad
977 1669 1343 1716 observationem
1380 1669 1593 1733 discipli-

257 1765 459 1812 namque
481 1748 604 1811 Juris
627 1746 810 1809 antiqui
839 1745 1118 1809 pertinentia
1143 1759 1248 1790 cum
1277 1745 1326 1790 in
1354 1742 1487 1790 libris
1515 1761 1595 1791 ve·

257 1836 410 1874 terum
443 1824 778 1877 inveniremus,
817 1836 908 1867 non
945 1818 1298 1871 dubitabamus,
1339 1820 1453 1882 quin
1489 1821 1594 1866 vir-

256 1903 394 1966 gilius
436 1915 622 1964 quoque
664 1898 713 1945 id
750 1899 906 1961 ipsum
943 1894 1216 1951 ostenderit,
1255 1910 1348 1941 non
1389 1895 1594 1958 exposite

257 1989 395 2042 atque
418 1986 586 2040 aperte,
612 1973 711 2031 sed,
736 1983 787 2020 ut
815 1973 1059 2020 hominem
1084 1971 1259 2030 decuit,
1287 1973 1494 2035 poeticas
1517 1987 1594 2020 res

258 2065 486 2120 agentem,
523 2052 759 2100 recondita
806 2059 850 2097 et
884 2049 1022 2112 quasi
1065 2057 1226 2111 operta
1266 2050 1435 2095 veteris
1474 2050 1595 2096 ritus

261 2129 598 2194 significatione
627 2143 637 2173 :

394 2246 569 2295 Torqua,
589 2242 737 2296 inquit,
757 2242 905 2281 medios
926 2240 1013 2279 Nox
1031 2240 1198 2279 humida
1220 2250 1359 2278 narsus

391 2305 438 2344 Et
460 2315 522 2343 me
542 2313 681 2342 saevus
702 2301 811 2351 equis
835 2300 969 2340 Oriens
986 2299 1141 2347 afflavit
1160 2298 1329 2336 anhelis.

1123 2357 1232 2407 (Aen.
1253 2354 1303 2404 V,
1326 2356 1437 2407 738.)

324 2463 405 2510 His
427 2461 552 2507 enim
571 2459 785 2507 versibus
805 2456 1010 2519 oblique,
1038 2455 1174 2502 sicuti
1202 2453 1317 2513 dixi,
1342 2452 1594 2500 admonere

260 2536 428 2594 voluit,
453 2537 586 2594 diem,
616 2548 754 2596 quem
788 2531 980 2579 Romani
1018 2531 1194 2577 civilem
1220 2528 1591 2592 appellaverunt,

320 2682 353 2715 l.
375 2673 560 2721 Biennos,
581 2666 722 2714 Studes
742 2682 871 2722 yrecq.
896 2682 966 2710 sur
995 2670 1116 2720 Vir-9„
1132 2673 1155 2708 3
1176 2667 1272 2716 vol„
1292 2671 1407 2708 1825.
