<?xml version="1.0" encoding="UTF-8"?>
<!DOCTYPE html PUBLIC "-//W3C//DTD XHTML 1.0 Transitional//EN"
    "http://www.w3.org/TR/xhtml1/DTD/xhtml1-transitional.dtd">
<html xmlns="http://www.w3.org/1999/xhtml" xml:lang="en" lang="en">
 <head>
  <title>
</title>
<meta http-equiv="Content-Type" content="text/html;charset=utf-8" />
  <meta name='ocr-system' content='tesseract 3.04.00' />
  <meta name='ocr-capabilities' content='ocr_page ocr_carea ocr_par ocr_line ocrx_word'/>
</head>
<body>
  <div class='ocr_page' id='page_1' title='image "./demorumindoleinv00bouguoft_0111.png"; bbox 0 0 1758 2903; ppageno 0'>
   <div class='ocr_carea' id='block_1_1' title="bbox 0 147 17 214">
    <p class='ocr_par' dir='ltr' id='par_1_1' title="bbox 0 147 17 214">
     <span class='ocr_line' id='line_1_1' title="bbox 0 147 17 180; baseline 0 -30"><span class='ocrx_word' id='word_1_1' title='bbox 0 147 17 180; x_wconf 30' lang='lat' dir='ltr'>q.</span> 
     </span>
     <span class='ocr_line' id='line_1_2' title="bbox 0 182 13 214; baseline 0 0"><span class='ocrx_word' id='word_1_2' title='bbox 0 182 13 214; x_wconf 59' lang='lat' dir='ltr'>F</span> 
     </span>
    </p>
   </div>
   <div class='ocr_carea' id='block_1_2' title="bbox 687 123 897 158">
    <p class='ocr_par' dir='ltr' id='par_1_2' title="bbox 687 123 897 158">
     <span class='ocr_line' id='line_1_3' title="bbox 687 123 897 158; baseline 0.005 -12"><span class='ocrx_word' id='word_1_3' title='bbox 687 123 897 158; x_wconf 51' lang='grc'>..91-</span> 
     </span>
    </p>
   </div>
   <div class='ocr_carea' id='block_1_3' title="bbox 116 206 1476 1722">
    <p class='ocr_par' dir='ltr' id='par_1_3' title="bbox 116 206 1476 1722">
     <span class='ocr_line' id='line_1_4' title="bbox 122 206 1464 270; baseline 0 -17"><span class='ocrx_word' id='word_1_4' title='bbox 122 209 276 263; x_wconf 88' lang='lat' dir='ltr'>Quam</span> <span class='ocrx_word' id='word_1_5' title='bbox 296 222 392 253; x_wconf 89' lang='lat' dir='ltr'>rem</span> <span class='ocrx_word' id='word_1_6' title='bbox 418 206 475 252; x_wconf 86' lang='lat' dir='ltr'>ab</span> <span class='ocrx_word' id='word_1_7' title='bbox 488 206 738 253; x_wconf 75' lang='lat' dir='ltr'>homericis</span> <span class='ocrx_word' id='word_1_8' title='bbox 758 207 967 253; x_wconf 89' lang='lat' dir='ltr'>moribus</span> <span class='ocrx_word' id='word_1_9' title='bbox 988 221 1183 270; x_wconf 85' lang='lat' dir='ltr'>prorsus</span> <span class='ocrx_word' id='word_1_10' title='bbox 1199 222 1300 254; x_wconf 88' lang='lat' dir='ltr'>esse</span> <span class='ocrx_word' id='word_1_11' title='bbox 1315 206 1464 253; x_wconf 89' lang='lat' dir='ltr'>diver-</span> 
     </span>
     <span class='ocr_line' id='line_1_5' title="bbox 119 282 1466 345; baseline 0.001 -17"><span class='ocrx_word' id='word_1_12' title='bbox 119 299 238 341; x_wconf 87' lang='lat' dir='ltr'>sam,</span> <span class='ocrx_word' id='word_1_13' title='bbox 289 284 443 329; x_wconf 85' lang='lat' dir='ltr'>sciunt</span> <span class='ocrx_word' id='word_1_14' title='bbox 487 298 649 329; x_wconf 85' lang='lat' dir='ltr'>omnes</span> <span class='ocrx_word' id='word_1_15' title='bbox 703 283 783 345; x_wconf 80' lang='lat' dir='ltr'>qui</span> <span class='ocrx_word' id='word_1_16' title='bbox 829 284 1142 330; x_wconf 84' lang='lat' dir='ltr'>meminerunt</span> <span class='ocrx_word' id='word_1_17' title='bbox 1181 285 1228 329; x_wconf 89' lang='lat' dir='ltr'>in</span> <span class='ocrx_word' id='word_1_18' title='bbox 1274 282 1466 331; x_wconf 87' lang='lat' dir='ltr'>aedibus</span> 
     </span>
     <span class='ocr_line' id='line_1_6' title="bbox 117 359 1467 422; baseline 0 -16"><span class='ocrx_word' id='word_1_19' title='bbox 117 359 299 406; x_wconf 84' lang='lat' dir='ltr'><strong>Alcinoi</strong></span> <span class='ocrx_word' id='word_1_20' title='bbox 319 359 538 405; x_wconf 85' lang='lat' dir='ltr'>convivas</span> <span class='ocrx_word' id='word_1_21' title='bbox 563 360 610 405; x_wconf 90' lang='lat' dir='ltr'>in</span> <span class='ocrx_word' id='word_1_22' title='bbox 630 359 758 405; x_wconf 84' lang='lat' dir='ltr'>soliis</span> <span class='ocrx_word' id='word_1_23' title='bbox 778 360 997 422; x_wconf 88' lang='lat' dir='ltr'>parietem</span> <span class='ocrx_word' id='word_1_24' title='bbox 1015 360 1333 407; x_wconf 80' lang='lat' dir='ltr'>ambientibus</span> <span class='ocrx_word' id='word_1_25' title='bbox 1352 360 1467 406; x_wconf 90' lang='lat' dir='ltr'>insi-</span> 
     </span>
     <span class='ocr_line' id='line_1_7' title="bbox 118 435 1467 499; baseline 0 -17"><span class='ocrx_word' id='word_1_26' title='bbox 118 435 226 482; x_wconf 82' lang='lat' dir='ltr'><strong>dere</strong></span> <span class='ocrx_word' id='word_1_27' title='bbox 251 439 282 481; x_wconf 76' lang='lat'>1.</span> <span class='ocrx_word' id='word_1_28' title='bbox 307 438 423 481; x_wconf 87' lang='lat' dir='ltr'>Tum</span> <span class='ocrx_word' id='word_1_29' title='bbox 453 435 562 481; x_wconf 89' lang='lat' dir='ltr'>vino</span> <span class='ocrx_word' id='word_1_30' title='bbox 595 438 643 481; x_wconf 90' lang='lat' dir='ltr'>in</span> <span class='ocrx_word' id='word_1_31' title='bbox 675 451 886 482; x_wconf 86' lang='lat' dir='ltr'>mensam</span> <span class='ocrx_word' id='word_1_32' title='bbox 915 435 1125 496; x_wconf 85' lang='lat' dir='ltr'>libatur;</span> <span class='ocrx_word' id='word_1_33' title='bbox 1151 437 1231 499; x_wconf 89' lang='lat' dir='ltr'>qui</span> <span class='ocrx_word' id='word_1_34' title='bbox 1259 438 1396 495; x_wconf 77' lang='lat' dir='ltr'>ritus,</span> <span class='ocrx_word' id='word_1_35' title='bbox 1427 437 1467 482; x_wconf 89' lang='lat' dir='ltr'>si</span> 
     </span>
     <span class='ocr_line' id='line_1_8' title="bbox 120 512 1469 577; baseline 0.001 -19"><span class='ocrx_word' id='word_1_36' title='bbox 120 512 283 558; x_wconf 87' lang='lat' dir='ltr'>Servio</span> <span class='ocrx_word' id='word_1_37' title='bbox 318 512 545 571; x_wconf 81' lang='lat' dir='ltr'>creditur,</span> <span class='ocrx_word' id='word_1_38' title='bbox 582 515 820 560; x_wconf 85' lang='lat' dir='ltr'>Romanus</span> <span class='ocrx_word' id='word_1_39' title='bbox 853 522 953 572; x_wconf 87' lang='lat' dir='ltr'>est;</span> <span class='ocrx_word' id='word_1_40' title='bbox 982 522 1100 559; x_wconf 86' lang='lat' dir='ltr'>certe</span> <span class='ocrx_word' id='word_1_41' title='bbox 1136 512 1260 577; x_wconf 83' lang='lat' dir='ltr'>apud</span> <span class='ocrx_word' id='word_1_42' title='bbox 1297 515 1469 560; x_wconf 87' lang='lat' dir='ltr'>Home-</span> 
     </span>
     <span class='ocr_line' id='line_1_9' title="bbox 116 588 1458 648; baseline 0 -13"><span class='ocrx_word' id='word_1_43' title='bbox 116 604 222 635; x_wconf 86' lang='lat' dir='ltr'>rum</span> <span class='ocrx_word' id='word_1_44' title='bbox 242 605 335 635; x_wconf 90' lang='lat' dir='ltr'>non</span> <span class='ocrx_word' id='word_1_45' title='bbox 364 589 620 635; x_wconf 81' lang='lat' dir='ltr'>invenitur.</span> <span class='ocrx_word' id='word_1_46' title='bbox 653 592 770 635; x_wconf 85' lang='lat' dir='ltr'>Tum</span> <span class='ocrx_word' id='word_1_47' title='bbox 793 605 979 636; x_wconf 79' lang='lat' dir='ltr'>mensae</span> <span class='ocrx_word' id='word_1_48' title='bbox 1006 588 1123 635; x_wconf 89' lang='lat' dir='ltr'>duae</span> <span class='ocrx_word' id='word_1_49' title='bbox 1153 596 1280 648; x_wconf 85' lang='lat' dir='ltr'>sunt,</span> <span class='ocrx_word' id='word_1_50' title='bbox 1299 589 1458 647; x_wconf 86' lang='lat' dir='ltr'>altera,</span> 
     </span>
     <span class='ocr_line' id='line_1_10' title="bbox 123 665 1465 728; baseline 0.001 -17"><span class='ocrx_word' id='word_1_51' title='bbox 123 665 388 728; x_wconf 87' lang='lat' dir='ltr'>epularum,</span> <span class='ocrx_word' id='word_1_52' title='bbox 427 665 701 727; x_wconf 84' lang='lat' dir='ltr'>poculorum</span> <span class='ocrx_word' id='word_1_53' title='bbox 725 665 889 724; x_wconf 79' lang='lat' dir='ltr'>altera3</span> <span class='ocrx_word' id='word_1_54' title='bbox 916 674 1013 711; x_wconf 85' lang='lat' dir='ltr'>tum</span> <span class='ocrx_word' id='word_1_55' title='bbox 1038 672 1232 712; x_wconf 81' lang='lat' dir='ltr'>crateres</span> <span class='ocrx_word' id='word_1_56' title='bbox 1249 666 1465 722; x_wconf 82' lang='lat' dir='ltr'>floribuS‚</span> 
     </span>
     <span class='ocr_line' id='line_1_11' title="bbox 118 743 1469 805; baseline 0.001 -18"><span class='ocrx_word' id='word_1_57' title='bbox 118 757 213 788; x_wconf 89' lang='lat' dir='ltr'>non</span> <span class='ocrx_word' id='word_1_58' title='bbox 247 747 347 805; x_wconf 89' lang='lat' dir='ltr'>jam</span> <span class='ocrx_word' id='word_1_59' title='bbox 392 743 501 788; x_wconf 91' lang='lat' dir='ltr'>vino</span> <span class='ocrx_word' id='word_1_60' title='bbox 548 751 844 798; x_wconf 72' lang='lat' dir='ltr'>coronantur,</span> <span class='ocrx_word' id='word_1_61' title='bbox 890 743 987 788; x_wconf 84' lang='lat' dir='ltr'>sive</span> <span class='ocrx_word' id='word_1_62' title='bbox 1040 744 1165 788; x_wconf 83' lang='lat' dir='ltr'>Maro</span> <span class='ocrx_word' id='word_1_63' title='bbox 1224 758 1469 805; x_wconf 86' lang='lat' dir='ltr'>perperam</span> 
     </span>
     <span class='ocr_line' id='line_1_12' title="bbox 117 818 1472 881; baseline 0 -17"><span class='ocrx_word' id='word_1_64' title='bbox 117 819 362 865; x_wconf 88' lang='lat' dir='ltr'>Homerica</span> <span class='ocrx_word' id='word_1_65' title='bbox 417 818 669 874; x_wconf 85' lang='lat' dir='ltr'>vocabula,</span> <span class='ocrx_word' id='word_1_66' title='bbox 737 822 934 881; x_wconf 65' lang='grc' dir='ltr'>κρητῆρας</span> <span class='ocrx_word' id='word_1_67' title='bbox 994 819 1281 879; x_wconf 81' lang='grc' dir='ltr'>ἐπεστέψαντο,</span> <span class='ocrx_word' id='word_1_68' title='bbox 1335 818 1472 864; x_wconf 90' lang='lat' dir='ltr'>intel-</span> 
     </span>
     <span class='ocr_line' id='line_1_13' title="bbox 118 892 1470 956; baseline 0.001 -17"><span class='ocrx_word' id='word_1_69' title='bbox 118 892 282 940; x_wconf 83' lang='lat' dir='ltr'>lexerit</span> <span class='ocrx_word' id='word_1_70' title='bbox 305 899 446 956; x_wconf 85' lang='lat' dir='ltr'>atque</span> <span class='ocrx_word' id='word_1_71' title='bbox 472 893 801 955; x_wconf 83' lang='lat' dir='ltr'>interpretatus</span> <span class='ocrx_word' id='word_1_72' title='bbox 834 895 913 951; x_wconf 88' lang='lat' dir='ltr'>sit,</span> <span class='ocrx_word' id='word_1_73' title='bbox 949 894 1046 939; x_wconf 75' lang='lat' dir='ltr'>sive</span> <span class='ocrx_word' id='word_1_74' title='bbox 1075 901 1128 939; x_wconf 85' lang='lat' dir='ltr'>ut</span> <span class='ocrx_word' id='word_1_75' title='bbox 1160 894 1316 956; x_wconf 83' lang='lat' dir='ltr'>potius</span> <span class='ocrx_word' id='word_1_76' title='bbox 1339 893 1470 940; x_wconf 85' lang='lat' dir='ltr'>vide-</span> 
     </span>
     <span class='ocr_line' id='line_1_14' title="bbox 118 969 1472 1033; baseline 0.001 -17"><span class='ocrx_word' id='word_1_77' title='bbox 118 978 215 1029; x_wconf 86' lang='lat' dir='ltr'>tur,</span> <span class='ocrx_word' id='word_1_78' title='bbox 261 985 359 1016; x_wconf 90' lang='lat' dir='ltr'>rem</span> <span class='ocrx_word' id='word_1_79' title='bbox 425 969 553 1033; x_wconf 87' lang='lat' dir='ltr'>apud</span> <span class='ocrx_word' id='word_1_80' title='bbox 594 972 826 1017; x_wconf 85' lang='lat' dir='ltr'>Romanos</span> <span class='ocrx_word' id='word_1_81' title='bbox 883 970 985 1017; x_wconf 87' lang='lat' dir='ltr'>fieri</span> <span class='ocrx_word' id='word_1_82' title='bbox 1041 970 1225 1016; x_wconf 89' lang='lat' dir='ltr'>solitam</span> <span class='ocrx_word' id='word_1_83' title='bbox 1273 969 1472 1017; x_wconf 89' lang='lat' dir='ltr'>voluerit</span> 
     </span>
     <span class='ocr_line' id='line_1_15' title="bbox 121 1046 1473 1108; baseline 0 -16"><span class='ocrx_word' id='word_1_84' title='bbox 121 1061 507 1092; x_wconf 86' lang='lat' dir='ltr'>commemorare.</span> <span class='ocrx_word' id='word_1_85' title='bbox 544 1048 659 1092; x_wconf 88' lang='lat' dir='ltr'>Tum</span> <span class='ocrx_word' id='word_1_86' title='bbox 697 1047 817 1108; x_wconf 81' lang='lat' dir='ltr'>ignis</span> <span class='ocrx_word' id='word_1_87' title='bbox 854 1046 1016 1093; x_wconf 90' lang='lat' dir='ltr'>alendi</span> <span class='ocrx_word' id='word_1_88' title='bbox 1055 1047 1105 1092; x_wconf 90' lang='lat' dir='ltr'>in</span> <span class='ocrx_word' id='word_1_89' title='bbox 1140 1048 1362 1093; x_wconf 87' lang='lat' dir='ltr'>Penatum</span> <span class='ocrx_word' id='word_1_90' title='bbox 1393 1062 1473 1092; x_wconf 85' lang='lat' dir='ltr'>ara</span> 
     </span>
     <span class='ocr_line' id='line_1_16' title="bbox 121 1122 1474 1186; baseline 0.001 -18"><span class='ocrx_word' id='word_1_91' title='bbox 121 1138 235 1169; x_wconf 86' lang='lat' dir='ltr'>cura</span> <span class='ocrx_word' id='word_1_92' title='bbox 258 1122 445 1172; x_wconf 88' lang='lat' dir='ltr'>famulis</span> <span class='ocrx_word' id='word_1_93' title='bbox 474 1122 767 1179; x_wconf 74' lang='lat' dir='ltr'>mandatur2,</span> <span class='ocrx_word' id='word_1_94' title='bbox 796 1123 921 1186; x_wconf 88' lang='lat' dir='ltr'>quod</span> <span class='ocrx_word' id='word_1_95' title='bbox 951 1139 1144 1181; x_wconf 90' lang='lat' dir='ltr'>munus,</span> <span class='ocrx_word' id='word_1_96' title='bbox 1181 1139 1327 1186; x_wconf 89' lang='lat' dir='ltr'>quum</span> <span class='ocrx_word' id='word_1_97' title='bbox 1367 1122 1474 1170; x_wconf 91' lang='lat' dir='ltr'>deos</span> 
     </span>
     <span class='ocr_line' id='line_1_17' title="bbox 119 1198 1472 1263; baseline 0.001 -17"><span class='ocrx_word' id='word_1_98' title='bbox 119 1200 309 1246; x_wconf 85' lang='lat' dir='ltr'>Penates</span> <span class='ocrx_word' id='word_1_99' title='bbox 342 1198 468 1261; x_wconf 86' lang='lat' dir='ltr'>apud</span> <span class='ocrx_word' id='word_1_100' title='bbox 492 1202 747 1246; x_wconf 86' lang='lat' dir='ltr'>Homerum</span> <span class='ocrx_word' id='word_1_101' title='bbox 774 1216 1007 1263; x_wconf 84' lang='lat' dir='ltr'>nusquam</span> <span class='ocrx_word' id='word_1_102' title='bbox 1036 1201 1259 1263; x_wconf 87' lang='lat' dir='ltr'>reperias,</span> <span class='ocrx_word' id='word_1_103' title='bbox 1287 1200 1472 1247; x_wconf 87' lang='lat' dir='ltr'>nullum</span> 
     </span>
     <span class='ocr_line' id='line_1_18' title="bbox 120 1275 1474 1339; baseline 0.001 -18"><span class='ocrx_word' id='word_1_104' title='bbox 120 1275 247 1338; x_wconf 89' lang='lat' dir='ltr'>apud</span> <span class='ocrx_word' id='word_1_105' title='bbox 275 1276 494 1322; x_wconf 83' lang='lat' dir='ltr'>eumdem</span> <span class='ocrx_word' id='word_1_106' title='bbox 517 1292 620 1323; x_wconf 89' lang='lat' dir='ltr'>esse</span> <span class='ocrx_word' id='word_1_107' title='bbox 642 1292 828 1338; x_wconf 81' lang='lat' dir='ltr'>quoque</span> <span class='ocrx_word' id='word_1_108' title='bbox 849 1292 1041 1322; x_wconf 82' lang='lat' dir='ltr'>necesse</span> <span class='ocrx_word' id='word_1_109' title='bbox 1069 1285 1154 1322; x_wconf 84' lang='lat' dir='ltr'>est.</span> <span class='ocrx_word' id='word_1_110' title='bbox 1174 1278 1291 1323; x_wconf 89' lang='lat' dir='ltr'>Tum</span> <span class='ocrx_word' id='word_1_111' title='bbox 1313 1279 1474 1339; x_wconf 82' lang='lat' dir='ltr'>regina</span> 
     </span>
     <span class='ocr_line' id='line_1_19' title="bbox 120 1352 1472 1416; baseline 0.001 -19"><span class='ocrx_word' id='word_1_112' title='bbox 120 1353 268 1399; x_wconf 80' lang='lat' dir='ltr'>Bitiae</span> <span class='ocrx_word' id='word_1_113' title='bbox 290 1352 511 1416; x_wconf 89' lang='lat' dir='ltr'>poculum</span> <span class='ocrx_word' id='word_1_114' title='bbox 534 1356 583 1398; x_wconf 87' lang='lat' dir='ltr'>in</span> <span class='ocrx_word' id='word_1_115' title='bbox 610 1369 802 1398; x_wconf 81' lang='lat' dir='ltr'>manum</span> <span class='ocrx_word' id='word_1_116' title='bbox 837 1352 911 1398; x_wconf 78' lang='lat' dir='ltr'>rlat</span> <span class='ocrx_word' id='word_1_117' title='bbox 936 1369 1136 1415; x_wconf 72' lang='lat' dir='ltr'>eumque</span> <span class='ocrx_word' id='word_1_118' title='bbox 1162 1361 1214 1399; x_wconf 86' lang='lat' dir='ltr'>ut</span> <span class='ocrx_word' id='word_1_119' title='bbox 1235 1353 1364 1399; x_wconf 88' lang='lat' dir='ltr'>bibat</span> <span class='ocrx_word' id='word_1_120' title='bbox 1388 1353 1472 1399; x_wconf 89' lang='lat' dir='ltr'>ad-</span> 
     </span>
     <span class='ocr_line' id='line_1_20' title="bbox 122 1428 1476 1493; baseline 0 -18"><span class='ocrx_word' id='word_1_121' title='bbox 122 1439 298 1486; x_wconf 84' lang='lat' dir='ltr'>monet,</span> <span class='ocrx_word' id='word_1_122' title='bbox 315 1429 394 1492; x_wconf 91' lang='lat' dir='ltr'>qui</span> <span class='ocrx_word' id='word_1_123' title='bbox 415 1446 515 1475; x_wconf 89' lang='lat' dir='ltr'>mos</span> <span class='ocrx_word' id='word_1_124' title='bbox 535 1444 646 1475; x_wconf 83' lang='lat' dir='ltr'>sane</span> <span class='ocrx_word' id='word_1_125' title='bbox 668 1430 871 1475; x_wconf 86' lang='lat' dir='ltr'>Graecus</span> <span class='ocrx_word' id='word_1_126' title='bbox 894 1429 1084 1488; x_wconf 87' lang='lat' dir='ltr'>dicitur,</span> <span class='ocrx_word' id='word_1_127' title='bbox 1105 1429 1183 1476; x_wconf 82' lang='lat' dir='ltr'>sed</span> <span class='ocrx_word' id='word_1_128' title='bbox 1198 1428 1322 1493; x_wconf 87' lang='lat' dir='ltr'>apud</span> <span class='ocrx_word' id='word_1_129' title='bbox 1342 1430 1476 1476; x_wconf 87' lang='lat' dir='ltr'>Grae-</span> 
     </span>
     <span class='ocr_line' id='line_1_21' title="bbox 122 1504 1475 1568; baseline -0.001 -16"><span class='ocrx_word' id='word_1_130' title='bbox 122 1521 201 1552; x_wconf 70' lang='lat' dir='ltr'>cos</span> <span class='ocrx_word' id='word_1_131' title='bbox 218 1505 406 1552; x_wconf 87' lang='lat' dir='ltr'>heroico</span> <span class='ocrx_word' id='word_1_132' title='bbox 422 1512 636 1567; x_wconf 87' lang='lat' dir='ltr'>temporo</span> <span class='ocrx_word' id='word_1_133' title='bbox 652 1504 865 1551; x_wconf 90' lang='lat' dir='ltr'>nondum</span> <span class='ocrx_word' id='word_1_134' title='bbox 887 1515 1146 1568; x_wconf 86' lang='lat' dir='ltr'>usurpatus</span> <span class='ocrx_word' id='word_1_135' title='bbox 1167 1505 1336 1565; x_wconf 84' lang='lat' dir='ltr'>fuerat,</span> <span class='ocrx_word' id='word_1_136' title='bbox 1364 1515 1475 1552; x_wconf 88' lang='lat' dir='ltr'>tem-</span> 
     </span>
     <span class='ocr_line' id='line_1_22' title="bbox 121 1581 1470 1646; baseline 0 -17"><span class='ocrx_word' id='word_1_137' title='bbox 121 1597 233 1646; x_wconf 88' lang='lat' dir='ltr'>pore</span> <span class='ocrx_word' id='word_1_138' title='bbox 275 1591 431 1629; x_wconf 85' lang='lat' dir='ltr'>autem</span> <span class='ocrx_word' id='word_1_139' title='bbox 481 1582 664 1646; x_wconf 81' lang='lat' dir='ltr'>Virgilii</span> <span class='ocrx_word' id='word_1_140' title='bbox 712 1586 806 1645; x_wconf 88' lang='lat' dir='ltr'>jam</span> <span class='ocrx_word' id='word_1_141' title='bbox 851 1581 1029 1629; x_wconf 91' lang='lat' dir='ltr'>dudum</span> <span class='ocrx_word' id='word_1_142' title='bbox 1067 1583 1235 1629; x_wconf 87' lang='lat' dir='ltr'>Romae</span> <span class='ocrx_word' id='word_1_143' title='bbox 1270 1583 1470 1646; x_wconf 82' lang='lat' dir='ltr'>vigebat.</span> 
     </span>
     <span class='ocr_line' id='line_1_23' title="bbox 121 1658 1476 1722; baseline -0.002 -15"><span class='ocrx_word' id='word_1_144' title='bbox 121 1661 238 1707; x_wconf 91' lang='lat' dir='ltr'>Tum</span> <span class='ocrx_word' id='word_1_145' title='bbox 267 1660 369 1722; x_wconf 89' lang='lat' dir='ltr'>ipsa</span> <span class='ocrx_word' id='word_1_146' title='bbox 399 1675 558 1706; x_wconf 90' lang='lat' dir='ltr'>rerum</span> <span class='ocrx_word' id='word_1_147' title='bbox 595 1658 950 1722; x_wconf 81' lang='lat' dir='ltr'>magnificentia</span> <span class='ocrx_word' id='word_1_148' title='bbox 985 1658 1100 1706; x_wconf 87' lang='lat' dir='ltr'>adeo</span> <span class='ocrx_word' id='word_1_149' title='bbox 1142 1659 1200 1705; x_wconf 90' lang='lat' dir='ltr'>ab</span> <span class='ocrx_word' id='word_1_150' title='bbox 1239 1659 1476 1706; x_wconf 86' lang='lat' dir='ltr'>homerica</span> 
     </span>
    </p>
   </div>
   <div class='ocr_carea' id='block_1_4' title="bbox 122 1797 1478 1972">
    <p class='ocr_par' dir='ltr' id='par_1_4' title="bbox 122 1797 1478 1972">
     <span class='ocr_line' id='line_1_24' title="bbox 181 1797 1478 1854; baseline 0 -14"><span class='ocrx_word' id='word_1_151' title='bbox 181 1805 216 1840; x_wconf 96' lang='lat'>1.</span> <span class='ocrx_word' id='word_1_152' title='bbox 246 1799 448 1840; x_wconf 90' lang='lat' dir='ltr'>Didonem</span> <span class='ocrx_word' id='word_1_153' title='bbox 471 1813 633 1854; x_wconf 80' lang='lat' dir='ltr'>quoque</span> <span class='ocrx_word' id='word_1_154' title='bbox 654 1797 910 1839; x_wconf 85' lang='lat' dir='ltr'>discumbere</span> <span class='ocrx_word' id='word_1_155' title='bbox 926 1812 1008 1838; x_wconf 91' lang='lat' dir='ltr'>non</span> <span class='ocrx_word' id='word_1_156' title='bbox 1028 1798 1336 1849; x_wconf 87' lang='lat' dir='ltr'>affirmaverim;</span> <span class='ocrx_word' id='word_1_157' title='bbox 1358 1805 1478 1853; x_wconf 83' lang='lat' dir='ltr'>putat</span> 
     </span>
     <span class='ocr_line' id='line_1_25' title="bbox 122 1857 1477 1912; baseline 0 -12"><span class='ocrx_word' id='word_1_158' title='bbox 122 1865 260 1900; x_wconf 84' lang='lat' dir='ltr'>tamen</span> <span class='ocrx_word' id='word_1_159' title='bbox 282 1858 503 1899; x_wconf 87' lang='lat' dir='ltr'>Lerschius</span> <span class='ocrx_word' id='word_1_160' title='bbox 527 1865 566 1898; x_wconf 82' lang='lat' dir='ltr'>et</span> <span class='ocrx_word' id='word_1_161' title='bbox 583 1872 669 1898; x_wconf 92' lang='lat' dir='ltr'>rem</span> <span class='ocrx_word' id='word_1_162' title='bbox 694 1857 744 1898; x_wconf 89' lang='lat' dir='ltr'>ad</span> <span class='ocrx_word' id='word_1_163' title='bbox 763 1858 966 1912; x_wconf 86' lang='lat' dir='ltr'>Augustei</span> <span class='ocrx_word' id='word_1_164' title='bbox 985 1859 1072 1899; x_wconf 84' lang='lat' dir='ltr'>aevi</span> <span class='ocrx_word' id='word_1_165' title='bbox 1089 1872 1222 1899; x_wconf 87' lang='lat' dir='ltr'>mores</span> <span class='ocrx_word' id='word_1_166' title='bbox 1246 1858 1381 1899; x_wconf 86' lang='lat' dir='ltr'>refert.</span> <span class='ocrx_word' id='word_1_167' title='bbox 1413 1860 1477 1900; x_wconf 86' lang='lat' dir='ltr'>Ita</span> 
     </span>
     <span class='ocr_line' id='line_1_26' title="bbox 123 1916 770 1972; baseline -0.005 -13"><span class='ocrx_word' id='word_1_168' title='bbox 123 1918 232 1960; x_wconf 90' lang='lat' dir='ltr'>enim</span> <span class='ocrx_word' id='word_1_169' title='bbox 252 1918 403 1972; x_wconf 87' lang='lat' dir='ltr'>legitur</span> <span class='ocrx_word' id='word_1_170' title='bbox 423 1917 532 1972; x_wconf 84' lang='lat' dir='ltr'>apud</span> <span class='ocrx_word' id='word_1_171' title='bbox 549 1916 770 1970; x_wconf 83' lang='lat' dir='ltr'>Virgilium</span> 
     </span>
    </p>
   </div>
   <div class='ocr_carea' id='block_1_5' title="bbox 229 1999 1418 2113">
    <p class='ocr_par' dir='ltr' id='par_1_5' title="bbox 229 1999 1418 2113">
     <span class='ocr_line' id='line_1_27' title="bbox 231 1999 1194 2053; baseline -0.003 -11"><span class='ocrx_word' id='word_1_172' title='bbox 231 2001 332 2044; x_wconf 84' lang='lat' dir='ltr'>Gum</span> <span class='ocrx_word' id='word_1_173' title='bbox 355 2001 480 2051; x_wconf 79' lang='lat' dir='ltr'>venit,</span> <span class='ocrx_word' id='word_1_174' title='bbox 498 2000 650 2040; x_wconf 85' lang='lat' dir='ltr'>aulaeis</span> <span class='ocrx_word' id='word_1_175' title='bbox 671 2001 755 2053; x_wconf 81' lang='lat' dir='ltr'>jam</span> <span class='ocrx_word' id='word_1_176' title='bbox 775 2014 816 2040; x_wconf 90' lang='lat' dir='ltr'>se</span> <span class='ocrx_word' id='word_1_177' title='bbox 837 1999 979 2053; x_wconf 86' lang='lat' dir='ltr'>regina</span> <span class='ocrx_word' id='word_1_178' title='bbox 1005 1999 1194 2053; x_wconf 85' lang='lat' dir='ltr'>superbis</span> 
     </span>
     <span class='ocr_line' id='line_1_28' title="bbox 229 2058 1418 2113; baseline 0.002 -14"><span class='ocrx_word' id='word_1_179' title='bbox 229 2061 364 2100; x_wconf 90' lang='lat' dir='ltr'>Aurea</span> <span class='ocrx_word' id='word_1_180' title='bbox 383 2062 599 2111; x_wconf 74' lang='lat' dir='ltr'>composuit</span> <span class='ocrx_word' id='word_1_181' title='bbox 621 2058 777 2113; x_wconf 86' lang='lat' dir='ltr'>sponda</span> <span class='ocrx_word' id='word_1_182' title='bbox 796 2059 1054 2112; x_wconf 85' lang='lat' dir='ltr'>mediamque</span> <span class='ocrx_word' id='word_1_183' title='bbox 1075 2058 1220 2100; x_wconf 82' lang='lat' dir='ltr'>locavit</span> <span class='ocrx_word' id='word_1_184' title='bbox 1245 2060 1291 2113; x_wconf 86' lang='lat' dir='ltr'>(I,</span> <span class='ocrx_word' id='word_1_185' title='bbox 1308 2064 1355 2100; x_wconf 80' lang='lat'>69</span> <span class='ocrx_word' id='word_1_186' title='bbox 1365 2061 1418 2113; x_wconf 90' lang='grc'>7).</span> 
     </span>
    </p>
   </div>
   <div class='ocr_carea' id='block_1_6' title="bbox 122 2141 1479 2664">
    <p class='ocr_par' dir='ltr' id='par_1_6' title="bbox 122 2141 1479 2431">
     <span class='ocr_line' id='line_1_29' title="bbox 122 2141 1478 2196; baseline -0.001 -14"><span class='ocrx_word' id='word_1_187' title='bbox 122 2141 303 2194; x_wconf 79' lang='lat' dir='ltr'>Etenim,</span> <span class='ocrx_word' id='word_1_188' title='bbox 332 2141 429 2195; x_wconf 86' lang='lat' dir='ltr'>quia</span> <span class='ocrx_word' id='word_1_189' title='bbox 464 2141 613 2181; x_wconf 77' lang='lat' dir='ltr'>dicitur</span> <span class='ocrx_word' id='word_1_190' title='bbox 641 2141 784 2195; x_wconf 87' lang='lat' dir='ltr'>regina</span> <span class='ocrx_word' id='word_1_191' title='bbox 811 2155 853 2181; x_wconf 87' lang='lat' dir='ltr'>se</span> <span class='ocrx_word' id='word_1_192' title='bbox 876 2144 1149 2193; x_wconf 79' lang='lat' dir='ltr'>composuisse,</span> <span class='ocrx_word' id='word_1_193' title='bbox 1184 2155 1265 2182; x_wconf 89' lang='lat' dir='ltr'>non</span> <span class='ocrx_word' id='word_1_194' title='bbox 1292 2142 1478 2196; x_wconf 87' lang='lat' dir='ltr'>sequitur</span> 
     </span>
     <span class='ocr_line' id='line_1_30' title="bbox 124 2199 1479 2243; baseline 0 -3"><span class='ocrx_word' id='word_1_195' title='bbox 124 2207 171 2240; x_wconf 81' lang='lat' dir='ltr'>ut</span> <span class='ocrx_word' id='word_1_196' title='bbox 205 2200 448 2241; x_wconf 81' lang='lat' dir='ltr'>discumbat.</span> <span class='ocrx_word' id='word_1_197' title='bbox 491 2201 679 2242; x_wconf 87' lang='lat' dir='ltr'>Ceterum</span> <span class='ocrx_word' id='word_1_198' title='bbox 705 2214 797 2240; x_wconf 90' lang='lat' dir='ltr'>cum</span> <span class='ocrx_word' id='word_1_199' title='bbox 826 2200 1020 2241; x_wconf 87' lang='lat' dir='ltr'>Lerschio</span> <span class='ocrx_word' id='word_1_200' title='bbox 1050 2215 1132 2240; x_wconf 91' lang='lat' dir='ltr'>non</span> <span class='ocrx_word' id='word_1_201' title='bbox 1165 2199 1262 2241; x_wconf 81' lang='lat' dir='ltr'>facit</span> <span class='ocrx_word' id='word_1_202' title='bbox 1291 2200 1479 2243; x_wconf 86' lang='lat' dir='ltr'>Vaticani</span> 
     </span>
     <span class='ocr_line' id='line_1_31' title="bbox 124 2258 1477 2313; baseline 0 -15"><span class='ocrx_word' id='word_1_203' title='bbox 124 2258 291 2312; x_wconf 87' lang='lat' dir='ltr'>Virgilii</span> <span class='ocrx_word' id='word_1_204' title='bbox 311 2258 470 2313; x_wconf 80' lang='lat' dir='ltr'>pictura</span> <span class='ocrx_word' id='word_1_205' title='bbox 490 2273 570 2313; x_wconf 88' lang='lat' dir='ltr'>qua</span> <span class='ocrx_word' id='word_1_206' title='bbox 593 2259 737 2299; x_wconf 88' lang='lat' dir='ltr'>sedens</span> <span class='ocrx_word' id='word_1_207' title='bbox 757 2258 863 2299; x_wconf 89' lang='lat' dir='ltr'>inter</span> <span class='ocrx_word' id='word_1_208' title='bbox 882 2260 1046 2299; x_wconf 87' lang='lat' dir='ltr'>Aenean</span> <span class='ocrx_word' id='word_1_209' title='bbox 1070 2258 1326 2313; x_wconf 81' lang='lat' dir='ltr'>alterumque</span> <span class='ocrx_word' id='word_1_210' title='bbox 1345 2259 1477 2299; x_wconf 78' lang='lat' dir='ltr'>virum</span> 
     </span>
     <span class='ocr_line' id='line_1_32' title="bbox 125 2317 1478 2371; baseline 0 -13"><span class='ocrx_word' id='word_1_211' title='bbox 125 2317 262 2359; x_wconf 87' lang='lat' dir='ltr'>cubito</span> <span class='ocrx_word' id='word_1_212' title='bbox 287 2318 447 2358; x_wconf 83' lang='lat' dir='ltr'>innixos</span> <span class='ocrx_word' id='word_1_213' title='bbox 476 2317 582 2358; x_wconf 89' lang='lat' dir='ltr'>Dido</span> <span class='ocrx_word' id='word_1_214' title='bbox 604 2317 827 2371; x_wconf 84' lang='lat' dir='ltr'>effingitur.</span> <span class='ocrx_word' id='word_1_215' title='bbox 867 2317 925 2359; x_wconf 88' lang='lat' dir='ltr'>Cf.</span> <span class='ocrx_word' id='word_1_216' title='bbox 949 2317 1117 2369; x_wconf 87' lang='lat' dir='ltr'>Bartoli,</span> <span class='ocrx_word' id='word_1_217' title='bbox 1154 2320 1254 2369; x_wconf 59' lang='grc' dir='ltr'>γίνῃ.</span> <span class='ocrx_word' id='word_1_218' title='bbox 1277 2320 1361 2358; x_wconf 84' lang='lat' dir='ltr'>cod.</span> <span class='ocrx_word' id='word_1_219' title='bbox 1385 2321 1478 2370; x_wconf 78' lang='lat' dir='ltr'>pic-</span> 
     </span>
     <span class='ocr_line' id='line_1_33' title="bbox 126 2375 1475 2431; baseline -0.001 -13"><span class='ocrx_word' id='word_1_220' title='bbox 126 2385 251 2424; x_wconf 69' lang='lat' dir='ltr'>turae,</span> <span class='ocrx_word' id='word_1_221' title='bbox 272 2391 313 2431; x_wconf 85' lang='lat' dir='ltr'>p.</span> <span class='ocrx_word' id='word_1_222' title='bbox 334 2381 399 2417; x_wconf 80' lang='lat'>41.</span> <span class='ocrx_word' id='word_1_223' title='bbox 423 2375 577 2429; x_wconf 78' lang='lat' dir='ltr'>Saglio‚</span> <span class='ocrx_word' id='word_1_224' title='bbox 605 2379 698 2418; x_wconf 73' lang='lat' dir='ltr'>Dice.</span> <span class='ocrx_word' id='word_1_225' title='bbox 723 2378 787 2416; x_wconf 82' lang='lat' dir='ltr'>des</span> <span class='ocrx_word' id='word_1_226' title='bbox 807 2379 948 2427; x_wconf 61' lang='lat' dir='ltr'>antiq„</span> <span class='ocrx_word' id='word_1_227' title='bbox 964 2375 1013 2415; x_wconf 86' lang='lat' dir='ltr'>ad</span> <span class='ocrx_word' id='word_1_228' title='bbox 1023 2375 1130 2416; x_wconf 88' lang='lat' dir='ltr'>verb.</span> <span class='ocrx_word' id='word_1_229' title='bbox 1150 2378 1299 2428; x_wconf 78' lang='lat' dir='ltr'>Abolla,</span> <span class='ocrx_word' id='word_1_230' title='bbox 1320 2376 1389 2429; x_wconf 86' lang='lat' dir='ltr'>fig.</span> <span class='ocrx_word' id='word_1_231' title='bbox 1413 2381 1475 2416; x_wconf 89' lang='lat'>19.</span> 
     </span>
    </p>

    <p class='ocr_par' dir='ltr' id='par_1_7' title="bbox 126 2434 1478 2664">
     <span class='ocr_line' id='line_1_34' title="bbox 182 2434 1477 2489; baseline -0.001 -13"><span class='ocrx_word' id='word_1_232' title='bbox 182 2443 220 2477; x_wconf 80' lang='lat'>2,</span> <span class='ocrx_word' id='word_1_233' title='bbox 251 2437 360 2476; x_wconf 84' lang='lat' dir='ltr'>Haec</span> <span class='ocrx_word' id='word_1_234' title='bbox 384 2434 631 2475; x_wconf 83' lang='lat' dir='ltr'>consuetudo</span> <span class='ocrx_word' id='word_1_235' title='bbox 651 2434 854 2475; x_wconf 85' lang='lat' dir='ltr'>Macrobii</span> <span class='ocrx_word' id='word_1_236' title='bbox 871 2442 1052 2489; x_wconf 86' lang='lat' dir='ltr'>tempore</span> <span class='ocrx_word' id='word_1_237' title='bbox 1076 2434 1207 2475; x_wconf 87' lang='lat' dir='ltr'>adhuc</span> <span class='ocrx_word' id='word_1_238' title='bbox 1228 2434 1406 2487; x_wconf 85' lang='lat' dir='ltr'>vigebat,</span> <span class='ocrx_word' id='word_1_239' title='bbox 1431 2443 1477 2475; x_wconf 85' lang='lat' dir='ltr'>ut</span> 
     </span>
     <span class='ocr_line' id='line_1_35' title="bbox 126 2493 1478 2550; baseline -0.001 -15"><span class='ocrx_word' id='word_1_240' title='bbox 126 2502 237 2550; x_wconf 89' lang='lat' dir='ltr'>patet</span> <span class='ocrx_word' id='word_1_241' title='bbox 259 2510 279 2535; x_wconf 93' lang='lat' dir='ltr'>e</span> <span class='ocrx_word' id='word_1_242' title='bbox 301 2497 467 2535; x_wconf 76' lang='lat' dir='ltr'>Satvrn.</span> <span class='ocrx_word' id='word_1_243' title='bbox 493 2493 565 2535; x_wconf 86' lang='lat' dir='ltr'>lib.</span> <span class='ocrx_word' id='word_1_244' title='bbox 589 2495 623 2545; x_wconf 87' lang='grc' dir='ltr'>Ι,</span> <span class='ocrx_word' id='word_1_245' title='bbox 644 2508 676 2534; x_wconf 89' lang='lat' dir='ltr'>c.</span> <span class='ocrx_word' id='word_1_246' title='bbox 695 2508 809 2534; x_wconf 74' lang='lat' dir='ltr'><strong>xxw.</strong></span> <span class='ocrx_word' id='word_1_247' title='bbox 834 2514 851 2530; x_wconf 76' lang='grc' dir='ltr'><em>α</em></span> <span class='ocrx_word' id='word_1_248' title='bbox 870 2495 982 2534; x_wconf 67' lang='lat' dir='ltr'>inter</span> <span class='ocrx_word' id='word_1_249' title='bbox 999 2494 1094 2534; x_wconf 87' lang='lat' dir='ltr'>haec</span> <span class='ocrx_word' id='word_1_250' title='bbox 1113 2494 1270 2534; x_wconf 78' lang='lat' dir='ltr'>servilis</span> <span class='ocrx_word' id='word_1_251' title='bbox 1291 2494 1478 2534; x_wconf 89' lang='lat' dir='ltr'>modera-</span> 
     </span>
     <span class='ocr_line' id='line_1_36' title="bbox 128 2551 1478 2608; baseline -0.002 -13"><span class='ocrx_word' id='word_1_252' title='bbox 128 2562 192 2595; x_wconf 87' lang='lat' dir='ltr'>tor</span> <span class='ocrx_word' id='word_1_253' title='bbox 212 2553 398 2608; x_wconf 86' lang='lat' dir='ltr'>obsequii</span> <span class='ocrx_word' id='word_1_254' title='bbox 418 2553 483 2593; x_wconf 86' lang='lat' dir='ltr'>cui</span> <span class='ocrx_word' id='word_1_255' title='bbox 505 2567 599 2593; x_wconf 86' lang='lat' dir='ltr'>cura</span> <span class='ocrx_word' id='word_1_256' title='bbox 620 2553 682 2593; x_wconf 83' lang='lat' dir='ltr'>vel</span> <span class='ocrx_word' id='word_1_257' title='bbox 704 2555 888 2594; x_wconf 66' lang='lat' dir='ltr'>adolenda·</span> <span class='ocrx_word' id='word_1_258' title='bbox 916 2556 1078 2594; x_wconf 72' lang='lat' dir='ltr'>Penates</span> <span class='ocrx_word' id='word_1_259' title='bbox 1104 2552 1166 2592; x_wconf 81' lang='lat' dir='ltr'>vel</span> <span class='ocrx_word' id='word_1_260' title='bbox 1192 2551 1372 2592; x_wconf 88' lang='lat' dir='ltr'>struendi</span> <span class='ocrx_word' id='word_1_261' title='bbox 1403 2566 1478 2606; x_wconf 89' lang='lat' dir='ltr'>pe·-</span> 
     </span>
     <span class='ocr_line' id='line_1_37' title="bbox 130 2610 1477 2664; baseline -0.001 -11"><span class='ocrx_word' id='word_1_262' title='bbox 130 2625 228 2653; x_wconf 88' lang='lat' dir='ltr'>num</span> <span class='ocrx_word' id='word_1_263' title='bbox 260 2620 300 2653; x_wconf 87' lang='lat' dir='ltr'>et</span> <span class='ocrx_word' id='word_1_264' title='bbox 344 2612 654 2652; x_wconf 84' lang='lat' dir='ltr'>domesticorum</span> <span class='ocrx_word' id='word_1_265' title='bbox 686 2619 845 2652; x_wconf 85' lang='lat' dir='ltr'>actuum</span> <span class='ocrx_word' id='word_1_266' title='bbox 882 2612 1091 2652; x_wconf 79' lang='lat' dir='ltr'>ministros</span> <span class='ocrx_word' id='word_1_267' title='bbox 1130 2611 1296 2664; x_wconf 82' lang='lat' dir='ltr'>regendi</span> <span class='ocrx_word' id='word_1_268' title='bbox 1336 2610 1477 2652; x_wconf 83' lang='lat' dir='ltr'>admo-</span> 
     </span>
    </p>
   </div>
   <div class='ocr_carea' id='block_1_7' title="bbox 83 2679 327 2715">
    <p class='ocr_par' dir='ltr' id='par_1_8' title="bbox 83 2679 327 2715">
     <span class='ocr_line' id='line_1_38' title="bbox 83 2679 327 2715; baseline -0.008 -1"><span class='ocrx_word' id='word_1_269' title='bbox 83 2687 87 2690; x_wconf 83' lang='grc'><strong>”</strong></span> <span class='ocrx_word' id='word_1_270' title='bbox 130 2679 265 2715; x_wconf 51' lang='lat' dir='ltr'>neb...</span> <span class='ocrx_word' id='word_1_271' title='bbox 292 2692 327 2712; x_wconf 76' lang='lat' dir='ltr'>n,</span> 
     </span>
    </p>
   </div>
  </div>
 </body>
</html>
