1758 2903
610 136 848 172 —105—

59 223 280 268 Etruscos
305 221 417 268 haec
438 236 595 285 regum
611 222 801 286 propria
817 222 1019 285 insignia
1033 221 1178 269 fuisse
1199 227 1395 280 constet,

57 313 142 343 nec
175 296 303 343 aliud
344 297 464 360 quod
513 307 691 360 praeter
724 307 957 362 sceptrum
992 299 1168 346 Tarcho
1195 299 1395 360 miserit,

56 373 132 418 vix
160 374 314 435 possis
337 375 612 437 excogitare.

120 448 220 495 {llis
244 465 351 496 vero
371 452 578 510 remotis,
602 449 708 496 vide
726 467 865 513 quam
891 450 1035 496 multa
1053 450 1111 497 ad
1136 451 1401 515 antiquita-

55 533 148 571 tem
179 525 409 572 heroicam
445 530 758 590 Graecamque
784 536 921 591 poeta
955 535 1154 574 revocet.
1189 529 1398 574 Primum

55 602 253 659 Aeneas,
291 603 423 665 quasi
448 619 568 649 unus
603 620 625 649 e
653 605 840 650 Graecis
863 611 1002 661 esset,
1034 619 1126 648 non
1149 610 1280 666 pater
1310 606 1398 651 Ro-

54 693 304 724 manorum
343 678 468 742 apud
506 696 626 742 quos
671 680 784 726 haec
825 678 1114 726 consuetudo
1152 695 1397 742 nunquam

54 753 223 817 viguit,

211 865 483 909 Paciferae....
510 880 634 924 manu
656 880 813 906 ramum
837 865 1067 920 praetendit
1086 865 1253 906 olivae¹.

51 968 118 1014 Ac
155 983 211 1013 ne
245 976 378 1030 putes
413 984 602 1015 versum
642 978 800 1031 poetae
833 967 1118 1032 imprudenti
1151 966 1394 1026 excidisse,

51 1044 148 1106 ipse
163 1059 240 1091 rex
263 1045 499 1107 quomodo
520 1045 791 1092 Evandrum
815 1045 1000 1100 adierit,
1025 1059 1396 1091 commemoran-

53 1120 164 1168 dum
191 1130 322 1168 curat
353 1140 363 1167 :

210 1231 374 1286 Optime
395 1232 689 1287 Grajugenum‚
711 1233 777 1273 cui
795 1247 859 1273 me
876 1233 1056 1274 Fortuna
1073 1231 1231 1287 precari

209 1299 264 1339 Et
282 1298 381 1339 vitta
398 1308 579 1354 comptos
601 1298 730 1339 voluit
746 1298 1006 1354 praetendere
1023 1300 1191 1338 ramos2.

56 1399 244 1446 Seiiicet
270 1416 296 1446 a
322 1401 505 1447 Graecis
533 1400 705 1447 auxilia
740 1401 972 1463 petiturus
1008 1402 1207 1446 Graecos
1243 1415 1396 1446 mores

48 1478 227 1522 Aeneas
254 1486 470 1539 usurpat,
488 1477 613 1540 quod
634 1493 726 1523 non
751 1478 862 1523 satis
886 1475 1089 1523 dilucide
1104 1475 1398 1522 videruntin-

48 1561 271 1616 terpretes
284 1555 359 1617 qui
376 1554 498 1600 hanc
511 1553 901 1601 consuetudinem
911 1556 1133 1601 Graecam
1147 1553 1197 1599 in
1209 1568 1394 1599 carmen

52 1629 176 1690 quod
201 1631 395 1677 omnino
423 1633 684 1677 Romanum
712 1647 814 1678 esse
845 1630 904 1676 iis
936 1629 1167 1689 videatur,
1196 1630 1242 1676 vi
1279 1645 1394 1693 qua-

50 1706 160 1753 dam
196 1707 375 1753 intrudi
411 1708 658 1754 mirentur.
690 1710 848 1754 Cetera
874 1706 928 1754 de
954 1722 1119 1770 genere
1157 1707 1262 1766 hoc,
1297 1707 1397 1754 sive

49 1782 258 1830 Evandri
284 1784 413 1847 origo
440 1792 579 1846 atque
603 1784 699 1830 vita
733 1799 841 1830 cum
878 1783 1077 1830 heroicis
1112 1784 1213 1829 aevi
1252 1783 1396 1828 mori·

51 1859 141 1907 hus
176 1861 331 1923 aptius
356 1862 618 1920 conveniat,
649 1861 747 1907 sive
776 1860 864 1907 hoc
890 1861 988 1924 ipso
1024 1860 1210 1906 heroico
1243 1859 1396 1906 colore

50 1935 309 1988 delectetur
341 1945 473 2000 poeta
500 1953 510 1984 :
542 1938 699 2000 itaque
736 1937 902 1996 Pallas,
938 1946 1189 2000 postquam
1225 1952 1393 1983 nomen

48 2014 204 2077 gentis
236 2013 381 2060 classe
417 2013 635 2061 advectae
676 2014 933 2060 sciscitatus
966 2021 1051 2072 est,
1083 2029 1176 2076 quo
1201 2013 1393 2060 nomine

47 2090 220 2154 hospes
243 2099 432 2137 vocetur
453 2107 545 2137 non
565 2092 766 2154 quaerit,
795 2099 846 2137 ut
872 2090 990 2138 solet
1013 2090 1061 2136 in
1086 2088 1230 2136 Iliade
1255 2096 1394 2153 atque

49 2167 257 2232 Odyssea
282 2183 292 2214 :

208 2277 428 2332 Egredere,
454 2292 476 2319 o
499 2277 746 2334 quicumque
767 2279 900 2320 es³....

51 2382 169 2427 Dein
196 2397 304 2427 vero
335 2386 573 2445 egressum
604 2401 615 2427 ε
713 2438 718 2442 ¹
896 2421 911 2439 ,

155 2492 405 2548 Excepitque
425 2506 549 2533 manu
572 2493 834 2548 dextramque
856 2493 1067 2548 amplexus
1086 2490 1303 2533 inhaesit⁶.

108 2627 142 2672 l.
174 2624 268 2662 Aen.
295 2622 409 2674 VIII,
438 2627 525 2663 116.
555 2646 609 2653 -
638 2628 675 2664 2.
708 2624 822 2675 VIII,
851 2628 938 2664 126.

103 2686 141 2721 3.
172 2680 286 2730 VIII,
318 2686 404 2721 122.
432 2705 484 2711 —
514 2688 551 2722 4.
588 2688 674 2723 124.
