1758 2903
873 164 1086 199 „gg-

314 250 464 315 gendo
505 257 780 313 argumento
826 266 917 297 non
955 250 1206 308 erravisse,
1243 247 1462 296 defecisse
1497 253 1650 294 autem

308 330 356 374 in
388 326 682 389 explicando,
719 335 815 373 arte
841 335 885 373 et
928 325 1163 382 industria
1192 326 1415 383 caruisse,
1443 323 1650 386 sibiipsi
1702 355 1706 359 »

310 400 545 457 defuisse;
577 415 668 463 qua
692 400 1058 463 reprehensione
1100 398 1297 461 dignum
1336 414 1433 445 esse
1466 405 1649 445 tantum

308 484 489 538 poetam
515 476 587 522 vix
615 476 843 539 suspicari
870 475 996 529 licet,
1027 490 1174 536 quum
1197 473 1267 520 vel
1287 473 1507 520 mediocri
1529 473 1652 538 inge-

306 553 383 598 nio
401 552 481 597 illa
504 568 684 598 morum
707 568 760 597 ao
779 554 1096 597 Romanorum
1121 550 1439 613 discrepantia
1462 549 1525 612 (et
1541 564 1650 598 nes-

306 628 375 674 cio
405 643 461 672 an
491 627 598 689 plus
624 627 790 689 aequo)
809 626 1070 672 arrisisset..
1301 688 1305 690 v

370 704 430 749 At
454 705 578 749 enim
604 703 668 748 ita
708 718 864 749 rerum
904 710 1071 748 natura
1104 709 1429 764 comparatum
1470 710 1555 761 est,
1599 709 1653 749 ut

305 789 458 842 poeta,
504 780 685 825 etiamsi
742 778 870 838 velit,
927 794 1080 824 mores
1132 778 1293 824 aetatis
1334 777 1511 825 alienae
1555 793 1650 825 non

308 856 456 918 inagis
483 854 743 901 describere
764 871 904 918 quam
933 855 1029 917 ipse
1054 871 1103 901 re
1138 869 1245 900 vera
1265 854 1458 902 induere
1475 855 1647 918 possit3

306 931 645 979 describentem
673 947 780 978 vero
808 933 879 978 sui
904 931 1117 993 aequales
1145 947 1234 977 non
1265 931 1472 995 legerent
1493 939 1652 995 utpote

307 1010 387 1071 qui
414 1007 618 1054 vividam
643 1009 714 1053 sui
733 1009 1001 1071 imaginem,
1034 1023 1126 1053 non
1155 1007 1385 1070 pallidum
1415 1006 1650 1069 quoddam

306 1085 516 1147 priorum
540 1092 742 1131 aetatum
768 1084 1074 1130 simulacrum
1106 1085 1153 1129 in
1176 1084 1382 1130 carmine
1397 1084 1648 1147 requirant.

307 1163 480 1224 Operae
505 1163 706 1223 pretium
734 1169 802 1207 est
823 1161 1093 1208 Lerschium
1118 1161 1191 1207 hic
1208 1159 1371 1208 audire
1392 1179 1403 1206 :
1427 1181 1448 1205 «
1474 1163 1654 1210 Maroni

308 1253 496 1300 quoque
530 1253 671 1301 quam
699 1238 899 1284 maxime
926 1237 1128 1283 arduum
1152 1237 1298 1284 fuisse
1331 1237 1436 1284 dico
1465 1237 1570 1297 hoe,
1609 1238 1652 1285 si

309 1314 496 1374 quidem
518 1323 701 1360 secutus
728 1323 867 1372 esset,
898 1313 1126 1372 studium,
1157 1330 1204 1361 se
1224 1314 1272 1359 in
1300 1329 1401 1360 eam
1423 1314 1653 1361 sentiendi

307 1398 350 1435 et
381 1390 545 1452 agendi
586 1391 807 1437 rationem
836 1392 1022 1452 penitus
1061 1390 1275 1437 mutandi
1312 1407 1432 1453 quae
1472 1392 1652 1454 priscae

309 1465 438 1512 illius
467 1467 626 1512 aetatis
655 1475 753 1513 erat
780 1468 968 1530 propria
1002 1475 1046 1512 et
1070 1467 1287 1529 insignis.
1313 1466 1448 1522 Quod
1476 1468 1517 1513 is
1543 1467 1653 1529 qui-

310 1543 414 1590 dem
445 1544 573 1590 solus
598 1544 784 1607 negabit
811 1545 888 1607 qui
911 1544 1159 1606 Virgilium
1187 1559 1334 1590 unum
1357 1559 1408 1590 ex
1433 1543 1652 1591 omnibus

307 1620 387 1666 tali
417 1620 558 1666 fuisse
588 1622 778 1683 ingenio
806 1621 1055 1683 praedicet,
1086 1630 1136 1666 ut
1162 1620 1290 1666 illam
1317 1628 1510 1667 naturae
1530 1621 1652 1668 vitae

306 1712 396 1759 que
423 1696 635 1759 publicae
671 1706 713 1742 et
738 1698 944 1758 privatae
971 1698 1068 1742 vim
1088 1697 1396 1759 superaverit,
1415 1696 1652 1759 etprimus

306 1774 512 1819 Romana
540 1775 696 1819 omnia
722 1773 940 1836 linquens
960 1789 1069 1819 cum
1097 1773 1179 1818 illa
1204 1775 1401 1835 Trojana
1432 1782 1576 1822 aetate
1601 1775 1652 1821 in

308 1848 523 1911 fingenda
560 1848 767 1896 Aeneide
792 1850 924 1912 quasi
951 1850 1001 1895 in
1037 1865 1184 1895 unum
1208 1850 1305 1913 ipse
1325 1848 1552 1896 coaluerit
1569 1851 1581 1874 ¹
1603 1869 1649 1896 n.

305 1925 429 1980 Quae
473 1924 725 1988 disputatio
776 1942 869 1972 non
923 1926 1116 1971 omnino
1153 1941 1259 1971 vera
1298 1926 1461 1973 haberi
1498 1925 1648 1974 debet.

309 2001 552 2047 Lerschius
578 2001 768 2063 quidem
793 2010 1124 2048 commemorat
1141 2002 1330 2048 Goethio
1355 2002 1529 2048 similia
1558 2011 1654 2050 ten·

307 2077 424 2122 tanti
457 2078 616 2123 minus
638 2078 933 2124 successisse.
963 2079 1180 2132 «Quotus
1205 2078 1328 2123 enim
1346 2077 1545 2140 quisque
1560 2087 1648 2139 est,

309 2153 477 2215 inquit,
531 2153 611 2216 qui
671 2153 848 2201 Goethii
902 2169 1087 2200 carmen
1140 2152 1264 2216 quod
1314 2153 1585 2201 inscribitur
1635 2170 1646 2201 τ

316 2230 633 2276 Westo‘stlz'cher
675 2231 837 2287 Divom,
882 2228 1075 2286 Plateni,
1120 2230 1376 2286 Hammeri‚
1415 2230 1652 2278 Ruckertii

308 2305 514 2351 carmina
544 2305 787 2351 orientalia
812 2304 1033 2351 manibus
1067 2304 1221 2351 terat?
1248 2308 1462 2351 Attamen
1492 2321 1577 2353 nos
1618 2306 1652 2353 ii

309 2396 491 2443 semper
536 2396 719 2428 eramus
761 2383 842 2443 qui
881 2397 1000 2442 quae
1041 2380 1097 2427 ab
1136 2381 1243 2426 aliis
1287 2382 1648 2444 accepissemus,

309 2472 448 2518 quam
482 2458 705 2503 citissime
732 2473 782 2503 ac
813 2456 1035 2503 facillime
1066 2458 1111 2502 in
1146 2473 1338 2503 succum
1365 2446 1652 2505 verteremus

311 2543 354 2578 ct
381 2534 650 2596 sanguinein
673 2535 687 2555 ²
711 2553 752 2578 ».
779 2534 1015 2588 Quosdam
1045 2542 1197 2580 aulem
1227 2541 1406 2593 contra,
1428 2549 1520 2581 non
1545 2533 1652 2581 illos

369 2642 402 2677 l.
435 2637 617 2689 Lerscli„
639 2641 689 2678 De
708 2651 870 2678 morum
890 2640 933 2677 ‘in
951 2639 1117 2678 Aeneide
1139 2640 1287 2688 habitu,
1311 2653 1351 2692 p.
1380 2643 1424 2680 14
1445 2645 1485 2680 et
1508 2644 1568 2682 15.

364 2702 400 2734 2.
434 2696 616 2743 Lei-seh„
643 2703 735 2736 nota
753 2696 800 2736 ad
819 2695 1007 2750 paginam
1027 2701 1061 2736 7.
