1758 2903
710 189 948 225 -133—

159 272 485 331 ostenderunt3
538 272 716 335 quippe
757 273 838 335 qui
874 279 919 320 et
956 273 1122 336 pietate
1169 279 1211 318 et
1236 271 1424 335 Justitia
1457 279 1501 318 et

160 346 448 405 fortitudine,
510 363 628 410 quas
687 348 885 395 virtutes
942 348 1080 410 quasi
1137 347 1230 395 sibi
1285 348 1501 411 proprias

155 425 299 471 Roma
331 439 516 486 semper
552 423 850 482 vindicavit¹,
883 423 1065 471 dicatur
1106 424 1341 487 imprimis
1384 426 1499 471 emi-

155 501 334 546 nuisse.
373 501 465 546 Nec
502 509 654 547 tamen
690 502 848 563 negari
880 501 1029 564 possit
1064 500 1210 547 multa
1247 501 1294 547 in
1337 517 1391 548 eo
1422 501 1502 547 he-

154 577 306 623 roicae
325 576 497 623 indolis
513 577 706 640 vestigia
729 576 883 624 adhuc
909 576 1210 640 deprehendi,
1232 577 1329 623 sive
1345 577 1501 639 Virgi-

154 652 246 699 lius
274 653 415 700 talem
443 653 498 699 de
527 652 762 700 industria
788 653 1038 711 effinxerit,
1067 653 1164 699 sive
1196 653 1496 716 imprudens,

150 745 297 791 quum
323 732 577 776 Homerum
605 736 670 776 tot
702 729 751 775 in
783 729 897 776 locis
922 730 1059 776 fuerit
1088 730 1318 787 imitatus,
1344 730 1500 776 virum

151 822 338 869 quoque
362 805 420 851 ad
439 805 794 852 similitudinem
822 805 1054 852 Homerici
1073 806 1229 852 herois
1249 806 1500 852 adumbra-

150 883 285 928 verit.
314 885 574 929 Romanum
605 881 796 929 decebat
830 898 883 927 ea
922 896 1040 943 quae
1081 882 1246 928 acerba
1282 882 1500 928 videren-

149 967 228 1005 tur
268 959 334 1005 ita
371 959 484 1005 serre
517 968 566 1005 ut
605 957 728 1004 nihil
773 973 798 1003 a
825 967 948 1005 statu
985 964 1182 1004 naturae
1219 957 1496 1004 discederet.

148 1037 278 1082 Hanc
304 1051 414 1082 vero
446 1037 758 1082 constantiam
791 1035 977 1097 saepius
1015 1035 1066 1081 in
1107 1036 1261 1081 Aenea
1287 1034 1501 1097 requiras

147 1129 293 1176 quum
319 1112 552 1170 lacrimas,
582 1112 620 1158 si
646 1128 737 1175 qua
761 1119 1013 1174 tempestas
1040 1112 1248 1174 ingruat,
1276 1113 1500 1158 continuo

152 1189 390 1249 effundat3
440 1191 476 1236 si
521 1206 666 1237 naves
701 1190 923 1237 incendio
960 1188 1295 1253 corripiantur,
1354 1198 1500 1236 vestes

149 1266 418 1313 abscindat.
454 1267 538 1314 Ubi
567 1275 667 1314 tum
707 1265 791 1313 illa
817 1266 954 1313 ducis
978 1265 1253 1325 moderatio,
1294 1265 1404 1313 haec
1431 1281 1501 1312 sa-

147 1343 328 1407 pientia
355 1345 435 1407 qui
457 1343 571 1390 alias

254 1473 379 1527 Spem
402 1472 517 1513 vultu
539 1472 719 1525 simulat,
744 1471 894 1528 premit
917 1470 997 1512 alto
1020 1470 1139 1512 corde
1157 1471 1394 1512 dolorem2?

145 1592 332 1640 Scilicet
350 1591 575 1656 Virgilius
604 1591 717 1655 quid
738 1591 950 1638 heroicae
974 1592 1139 1638 aetatis
1169 1591 1372 1650 virum³‚
1405 1606 1498 1637 non

143 1669 260 1732 quid
288 1668 450 1715 classis
490 1669 816 1732 imperatorem
846 1684 897 1714 ac
933 1683 1090 1730 regem
1125 1666 1302 1726 deceat,
1343 1682 1498 1713 serva-

144 1746 271 1791 visse
310 1743 533 1791 videtur⁶.
575 1744 803 1791 Miramur
829 1759 1016 1807 quoque
1051 1745 1237 1789 Aenean
1270 1759 1324 1789 ea
1360 1742 1417 1790 de
1449 1759 1494 1789 se

201 1913 236 1949 1.
269 1907 457 1950 Ceterum
482 1913 522 1948 et
539 1907 612 1947 has
634 1906 805 1947 virtutes
822 1905 865 1945 in
884 1919 978 1958 rege
999 1905 1158 1945 heroico
1180 1904 1351 1958 plurimi
1374 1905 1500 1945 aesti-

146 1974 276 2008 matas
299 1966 427 2007 fuisse
449 1967 581 2021 possit
603 1965 806 2007 contendi.
826 1965 885 2006 Cf.
906 1966 952 2005 Il.
978 1965 1088 2012 XVI,
1114 1969 1204 2015 542,
1228 1962 1374 2025 ubimde
1401 1964 1499 2005 Sar-

142 2026 300 2081 pedone
321 2025 470 2066 dicitur
495 2039 504 2065 ἱ
530 2025 566 2070 ὃς
582 2026 718 2074 Λυκίην
743 2026 857 2076 εἴρυτο
881 2025 996 2076 δίκῃσί
1018 2040 1058 2062 τε
1077 2023 1139 2062 καὶ
1164 2024 1275 2063 σθένεϊ
1291 2027 1336 2078 ᾧ.

197 2092 237 2126 2.
267 2087 364 2126 Aen.
390 2085 425 2135 1,
446 2089 535 2125 209.

196 2148 235 2184 3.
268 2143 325 2184 Cf.
350 2144 472 2183 Hom.
491 2144 540 2183 Il.
558 2143 650 2197 XV,
675 2143 894 2194 731X,14‚
911 2145 1014 2188 433;
1039 2140 1220 2192 XV1,2;
1245 2140 1377 2191 XVH,
1403 2143 1495 2180 642.

144 2203 215 2244 Od.
234 2203 348 2253 VIII,
372 2207 437 2247 83,
462 2208 552 2244 531.

197 2266 238 2301 4,
267 2261 326 2302 Cf.
346 2261 531 2302 Servium
553 2274 561 2301 :
590 2262 673 2302 «Et
691 2266 833 2301 notant
849 2258 1018 2315 quidam
1037 2257 1146 2313 quod
1163 2257 1356 2298 damnum
1374 2263 1496 2311 quat-

142 2325 236 2360 tuor
255 2320 418 2360 navium
452 2320 528 2371 [vir
553 2320 665 2361 fortis
689 2326 729 2360 et
751 2321 834 2370 rex]
866 2317 1130 2373 impatienter
1158 2315 1291 2356 doleat
1315 2334 1354 2357 2).
1383 2316 1495 2356 Adeo

143 2378 220 2418 hoc
242 2378 286 2418 in
302 2377 388 2418 loco
411 2378 627 2419 videbatur
640 2376 838 2419 Romanis
861 2379 1019 2418 Aeneas
1042 2377 1268 2416 Romanam
1292 2375 1411 2429 quasi
1430 2375 1496 2414 in-

143 2436 277 2477 dolem
296 2451 459 2488 exuere3
482 2451 604 2491 quem
629 2435 902 2478 excusandum
925 2434 1006 2476 sibi
1024 2433 1149 2475 sumit
1170 2433 1358 2474 Servius:
1381 2433 1496 2474 «Sed

143 2495 276 2549 magis
304 2495 409 2536 illud
435 2496 775 2537 considerandum
809 2502 870 2535 est
901 2493 1012 2549 quod
1039 2493 1097 2532 ait
1124 2505 1247 2546 supra
1276 2493 1492 2545 Ascanius,

142 2563 290 2595 vestras
308 2568 390 2606 spes
410 2558 546 2606 uritis,
573 2562 619 2595 ut
647 2569 729 2595 non
758 2554 951 2594 damnum
978 2551 1126 2601 doleat,
1149 2550 1220 2591 sed
1243 2565 1357 2605 spem
1379 2551 1495 2591 navi-

145 2613 322 2667 gationis
345 2620 523 2668 ereptam
550 2632 586 2656 ».
612 2615 739 2654 —Re
758 2627 864 2666 vera,
889 2620 933 2651 ut
956 2611 998 2651 in
1019 2610 1148 2666 primo
1174 2623 1247 2664 per
1276 2608 1494 2663 procellam

143 2673 302 2712 Aeneas
333 2671 512 2713 lacrimis
535 2686 616 2713 non
644 2677 856 2726 temperat,
887 2671 953 2710 hio
979 2677 1108 2711 vestes
1130 2668 1349 2720 abscindit,
1375 2667 1492 2709 solito

144 2730 321 2784 quodam
342 2730 448 2787 apud
468 2731 612 2773 heroas
635 2730 785 2773 doloris
806 2730 974 2785 impetu.
