1758 2903
885 35 1095 70 —126—

319 124 364 167 in
398 121 508 167 locis
538 120 594 182 (Ι,
627 121 740 179 653,
762 122 860 180 Vll,
891 122 1005 182 246)
1033 120 1252 182 indicari,
1280 121 1411 169 addit
1436 122 1511 169 vir
1536 121 1662 170 modi

317 198 364 242 in
405 196 543 242 rebus
578 196 793 242 servandi
835 199 1193 245 amantissimus
1227 214 1236 244 :
1278 218 1298 242 «
1327 197 1444 245 lllud
1479 206 1664 247 tantum

317 273 627 320 concesserim
659 280 912 335 sceptrum,
935 274 1030 330 ΧΠ,
1049 276 1165 332 206,
1189 290 1216 320 a
1239 275 1400 321 Latino
1422 275 1663 337 patribus-

319 365 409 410 que
436 349 609 395 Latinis
644 355 877 411 gestatum
914 363 967 394 ex
999 350 1248 395 Homerica
1280 350 1535 398 imitatione
1569 367 1667 399 esse

319 425 620 487 desumptum
647 443 689 470 ».
720 423 809 470 Sed
839 423 966 471 brevi
1002 425 1137 486 quasi
1170 424 1226 472 de
1257 441 1342 472 suo
1369 430 1476 489 jure
1509 426 1666 474 deces-

320 501 474 557 sisset,
503 516 595 546 non
630 507 780 564 potest
815 516 905 547 non
940 500 1172 564 subjicere
1198 519 1208 546 :
1241 522 1262 545 «
1287 501 1503 548 Attamen
1535 517 1666 566 sceps-

319 584 463 635 trum,
501 592 648 639 quum
690 585 758 623 tot
802 577 991 640 populis
1033 577 1175 623 suerit
1207 593 1474 637 commune,
1516 593 1667 642 quum

320 669 459 716 porro
488 669 626 716 quem
650 655 961 700 Romanorum
983 654 1294 716 imperatores
1325 653 1668 718 triumphantes

323 745 461 776 manu
491 738 667 792 gestare
692 730 918 786 solebant,
943 731 1090 794 scipio
1112 730 1348 777 eburneus
1377 729 1536 793 aquila
1559 731 1670 777 insi·

321 805 458 852 dente
485 805 549 852 nil
575 806 666 852 nisi
695 805 743 852 id
777 807 938 870 ipsum
967 815 1105 865 esset,
1135 807 1209 853 vix
1237 806 1476 853 adfirmari
1504 807 1670 870 poterit

320 882 378 929 de
403 882 586 929 Graecis
611 882 726 928 illud
751 897 850 929 esse
878 881 1230 946 depromptum¹
1248 902 1289 926 η.
1321 882 1451 929 Adeo
1473 898 1527 930 ea
1549 898 1668 944 quae

323 960 424 1020 ipse
449 959 720 1005 communia
741 974 844 1005 esse
869 959 1058 1014 fatetur,
1085 967 1257 1017 tamen,
1277 961 1485 1006 Romana
1511 960 1670 1006 omnia

322 1034 682 1096 circumspicere
700 1043 932 1091 assuetus,
950 1034 1053 1081 vult
1077 1050 1102 1081 e
1128 1034 1256 1081 fonte
1284 1037 1492 1082 Romano
1517 1051 1546 1082 a
1562 1035 1669 1083 Vir·-

322 1109 432 1172 gilio
458 1110 599 1156 faisse
623 1109 811 1156 hausta!

387 1188 484 1233 Hoc
518 1203 704 1250 quoque
735 1186 1006 1234 Lerschium
1042 1187 1163 1235 fallit
1198 1186 1323 1251 quod
1361 1187 1511 1235 multa
1544 1187 1670 1251 apud

323 1263 571 1326 Virgilium
597 1262 720 1309 haud
742 1263 879 1310 dubie
901 1266 1075 1311 nomine
1096 1266 1304 1311 Romana
1327 1272 1456 1322 sunt;
1482 1263 1566 1310 sed
1589 1264 1668 1311 ubi

327 1340 529 1401 primum
572 1355 647 1386 res
692 1340 818 1403 ipsas
860 1341 1053 1403 propius
1093 1341 1321 1403 inspicere
1360 1340 1580 1400 volueris,
1619 1349 1672 1387 ut

325 1417 592 1462 Homericas
615 1432 714 1463 esse
749 1424 830 1463 aut
856 1419 1086 1464 Romanas
1119 1416 1342 1475 declares,
1378 1415 1673 1464 desideratur

325 1492 605 1554 significatio
638 1501 764 1539 certa
792 1501 836 1539 et
864 1509 1000 1540 verus
1042 1492 1197 1540 index.
1235 1493 1414 1540 Etenim
1445 1492 1672 1556 Virgilius

326 1569 373 1615 in
405 1568 800 1631 descriptionibus
837 1568 1110 1628 dilatandis,
1144 1570 1239 1616 sive
1261 1568 1440 1633 judicio
1468 1567 1673 1632 quodam

326 1645 567 1707 peculiari,
602 1645 702 1692 sive
737 1645 897 1692 aetatis
930 1645 1230 1708 elegantioris
1270 1644 1495 1692 beneficio
1535 1659 1673 1691 omne

327 1735 670 1783 supervacuum
712 1721 992 1783 respuentiS,
1032 1720 1181 1766 multo
1213 1721 1372 1766 minus
1408 1735 1551 1783 quam
1580 1721 1672 1766 Ho-

326 1813 486 1843 merus
511 1803 738 1853 moratur;
774 1795 884 1843 inde
908 1796 1119 1859 sequitur
1143 1803 1194 1843 ut
1220 1811 1380 1843 rerum
1406 1812 1672 1859 expressam

325 1873 578 1936 imaginem
630 1873 669 1919 si
715 1872 1003 1920 voluerimus
1053 1873 1210 1918 animo
1257 1871 1393 1919 nobis
1433 1872 1668 1936 effingere,

327 1950 485 1995 minus
509 1949 741 1995 succedat.
769 1951 828 1996 Ut
853 1948 1066 2011 exemplo
1091 1958 1213 2006 utar,
1240 1949 1278 1994 si
1303 1964 1434 1995 arma
1455 1948 1535 1994 illa
1551 1949 1672 1995 exci-

326 2026 426 2087 pias
449 2040 565 2086 quae
597 2032 640 2071 et
666 2024 820 2070 ltaliae
848 2025 1038 2088 populis
1066 2024 1239 2070 dantur
1267 2034 1311 2070 et
1341 2024 1444 2088 ipso
1467 2024 1670 2088 quodam

329 2102 549 2148 inusitato
574 2103 763 2148 nomine
786 2101 843 2147 ab
865 2101 969 2147 aliis
987 2099 1275 2163 quibuslibet
1291 2099 1667 2164 distinguuntur,

328 2178 568 2240 quaeritur
593 2186 752 2223 utrum
781 2179 986 2224 Romana
1014 2177 1107 2223 sint
1124 2192 1181 2223 an
1208 2177 1469 2236 Homerica,
1487 2178 1667 2235 loricae,

328 2255 495 2314 yaleae,
510 2255 680 2309 hastae,
696 2254 897 2311 hastilia,
915 2268 1035 2316 quae
1054 2252 1110 2299 ab
1132 2252 1355 2299 heroibus
1374 2253 1471 2316 geri
1491 2252 1669 2316 passim

327 2329 565 2375 dicuntur.
593 2330 715 2375 Haec
750 2335 900 2391 poeta,
939 2344 1032 2375 non
1066 2327 1122 2375 de
1159 2329 1340 2375 Aeneae
1369 2327 1550 2391 clypeo,
1587 2328 1668 2391 qui

327 2405 476 2452 forma
497 2413 637 2468 atque
658 2406 864 2469 partium
882 2406 1279 2469 coagmentatione
1295 2404 1488 2452 Achillis
1509 2403 1670 2468 clypeo

389 2584 421 2617 1.
455 2579 728 2629 Antiquitates,
752 2578 781 2631 S
809 2583 868 2618 lO.
