1758 2903
676 183 728 190 ..-
760 164 806 199 89
839 182 888 190 ..-

108 247 298 309 quidem
321 263 586 310 germanos,
610 257 795 311 praesto
820 255 891 295 est
911 250 1151 296 nominare
1170 251 1250 313 qui
1271 250 1455 298 felicius

109 324 298 370 Goethio
341 323 444 386 ipso
481 340 576 370 rem
613 325 819 388 aggressi
862 325 1008 371 fuisse
1035 326 1270 373 videntur.
1311 327 1456 374 Multa

107 398 298 461 quidem
329 398 454 460 apud
488 400 749 446 Telemachi
785 400 1058 462 scriptorem
1091 403 1294 464 reperias
1335 419 1455 465 quae

108 473 166 520 ad
204 490 318 520 usus
365 491 612 537 moresque
667 474 835 522 decimi
883 477 1072 537 septimi
1116 478 1289 524 saeculi
1341 486 1452 525 sunt

107 549 379 608 referenda3
412 566 552 614 quam
587 550 749 597 multis
784 558 937 597 autem
965 551 1076 598 locis
1111 568 1217 599 vera
1253 569 1304 599 ac
1329 570 1455 600 mera

106 626 393 689 antiquitatis
441 627 617 673 indoles
650 627 880 690 impressa
915 630 1106 688 eminet,
1161 631 1224 677 ita
1273 639 1325 678 ut
1370 631 1456 678 ali-

106 702 294 765 quando
322 719 468 765 paene
494 711 536 748 te
560 701 724 750 credas
759 719 892 765 opere
924 704 1128 766 quodam
1153 708 1449 770 perantiquo,

107 780 157 825 in
181 781 374 826 Graecia
405 780 580 842 scripto
626 780 839 826 delectari
870 780 892 825 ?
922 781 1055 836 Quod
1087 783 1275 844 assequi
1306 799 1454 844 quum

106 857 183 914 sit,
213 855 411 902 fatemur
428 855 642 918 quidem,
670 856 806 902 valde
831 856 1052 914 arduum,
1079 874 1302 921 negamus
1334 859 1456 906 ultra

106 933 228 979 vires
251 933 424 995 ingenii
450 933 645 979 humani
674 948 776 979 esse
798 949 810 990 ;
837 933 1106 980 incredibili
1131 950 1289 981 rerum
1333 936 1454 981 anti·-

108 1025 310 1072 quarum
324 1008 550 1067 studio,et
565 1008 767 1069 quadam
783 1025 891 1055 cum
913 1011 1116 1073 antiquis
1132 1011 1454 1058 commorandi

105 1102 159 1133 ac
175 1102 317 1149 paene
336 1085 638 1148 pernoctandi
654 1085 991 1133 consuetudine
1006 1103 1124 1150 opus
1148 1095 1233 1134 est.
1248 1089 1453 1143 Quarum

105 1163 333 1209 virtutum
375 1178 521 1225 quum
562 1163 792 1226 particeps
828 1179 1015 1226 quoque
1051 1172 1172 1210 esset
1207 1166 1456 1226 Martyrum

106 1239 322 1302 scriptor,
354 1239 403 1284 in
439 1237 641 1300 pedestri
672 1241 880 1285 carmine
923 1240 1209 1301 praeclaram
1244 1242 1455 1302 antiqui-

104 1316 215 1361 tatis
243 1324 341 1361 tum
365 1315 588 1370 heroicae,
612 1323 710 1361 tum
730 1315 1012 1362 christianae
1037 1317 1291 1379 imaginem
1324 1316 1457 1363 exhi-

105 1392 224 1451 buit,
240 1408 332 1437 non
354 1393 417 1438 ita
438 1400 590 1437 tamen
609 1399 660 1437 ut
681 1408 774 1437 non
795 1392 993 1438 nimium
1021 1391 1195 1454 aliquid
1213 1394 1366 1439 inesse
1386 1394 1457 1438 in-

106 1467 289 1515 terdum
307 1468 544 1514 existimes
560 1485 570 1525 3
592 1476 846 1529 utcumque
861 1476 945 1525 est,
962 1468 1266 1514 confirmatur
1284 1478 1328 1514 et
1355 1472 1455 1531 eJus

105 1543 314 1606 exemplo
360 1553 545 1606 poetam
589 1559 683 1590 non
728 1544 987 1591 necessario
1029 1545 1102 1590 sui
1147 1545 1371 1606 temporis
1404 1560 1456 1590 ac

106 1621 281 1683 patriae
309 1619 485 1666 finibus
512 1620 852 1676 circumscribi,
880 1620 960 1666 sed
987 1636 1125 1683 posse
1148 1620 1235 1666 late
1250 1637 1301 1667 ac
1318 1620 1456 1683 longe

104 1697 307 1761 evagari,
326 1704 537 1759 tempora
550 1697 803 1759 praeterita
819 1704 1022 1759 repetere
1037 1706 1118 1743 aut
1130 1697 1285 1743 futura
1296 1698 1456 1742 animo

107 1789 424 1837 praesumere,
455 1773 540 1819 hac
561 1780 744 1819 tantum
767 1773 917 1834 posita
933 1771 1034 1836 lege
1059 1780 1112 1819 ut
1129 1773 1346 1819 lectorem
1362 1788 1456 1818 non

107 1850 199 1896 nisi
248 1857 462 1912 paratum
505 1856 586 1894 aut
641 1847 928 1910 pedetentim
960 1848 1177 1896 edoctum
1215 1849 1263 1894 in
1298 1849 1457 1894 minus

107 1935 217 1972 nota
247 1926 411 1988 rapiat.
454 1926 580 1980 Quae
618 1940 767 1987 quum
799 1924 865 1971 ita
895 1926 1008 1981 sint,
1040 1927 1194 1987 potuit
1226 1941 1335 1971 sane
1357 1925 1459 1971 Vir-

107 2002 249 2065 gilius
269 2001 458 2048 heroica
475 2002 691 2048 Romanis
713 2002 928 2058 miscere,
944 2009 1082 2064 atque
1101 2003 1164 2048 ita
1187 2002 1384 2048 miscere
1407 2008 1460 2047 ut

108 2094 165 2125 ne
186 2077 299 2142 quid
322 2077 442 2124 male
467 2078 760 2134 conveniret3
791 2078 984 2124 miscuit
1010 2093 1118 2124 vero
1144 2097 1154 2123 :
1183 2077 1272 2124 hoc
1292 2092 1457 2138 super-

107 2162 177 2200 est
212 2150 634 2200 demonstrandum
676 2169 823 2215 quum
848 2158 949 2216 jam
979 2153 1322 2201 ostenderimus
1354 2169 1456 2198 eam

110 2229 257 2276 fuisse
268 2230 510 2276 materiam
531 2237 582 2275 ut
597 2229 787 2275 heroica
803 2231 1026 2276 Romanis
1045 2230 1290 2276 subtexere
1317 2236 1453 2292 poeta

110 2313 154 2352 et
173 2304 402 2365 debuerit,
433 2314 476 2352 et
495 2305 637 2352 salvis
662 2306 868 2369 poeticae
895 2305 1076 2369 legibus
1098 2308 1315 2369 potuerit.
