1758 2903
822 146 1060 183 —130—

272 248 400 281 more
437 220 630 296 quidem
665 226 875 280 Romano
904 230 961 278 ad
985 231 1219 278 Minervae
1255 229 1484 295 templum
1513 232 1619 278 sub-

267 318 430 368 vectae,
458 308 627 357 iisdem
667 311 756 356 sere
781 307 937 356 verbis
956 307 1134 371 quibus
1156 306 1375 354 mulieres
1394 309 1620 372 Trojanae

269 385 460 442 Achilli,
490 385 593 432 dira
614 386 797 433 Aeneae
840 384 1183 448 imprecantur?
1206 383 1348 444 Quid,
1386 385 1509 447 quod
1536 386 1622 432 Ae-

271 478 381 509 neas
409 461 539 509 Italia
570 462 762 526 potituS,
789 460 1045 525 Nymphas,
1093 468 1143 506 ut
1191 460 1376 523 Uiysses
1411 460 1618 508 Ithacam

273 536 505 598 reversim,
538 538 755 601 precibus
784 537 1029 584 invocat²?
1053 535 1174 593 Quid
1194 536 1320 600 quod
1341 536 1493 584 Tiberi
1515 553 1621 601 gra-

274 615 364 661 tias
383 624 591 674 acturus,
619 620 870 678 postquam
891 629 1019 661 more
1040 616 1248 662 Romano
1276 613 1415 675 dixit,

382 736 527 792 Tuque
548 751 570 778 o
593 735 766 791 Thybri,
795 745 860 779 tuo
880 737 1040 791 genitor
1062 750 1155 779 cum
1175 738 1346 787 flumine
1365 744 1516 788 sancto,

280 849 431 911 addit,
464 852 661 916 repetita
694 859 915 916 perpetua
940 850 1064 915 apud
1090 853 1346 899 Homerum
1373 850 1626 900 fluviorum

282 926 416 975 laude
446 945 457 973 ε

521 990 787 1045 Quocumque
813 990 897 1033 solo
916 993 1217 1044 pulcherrimus
1238 992 1338 1044 exis,

280 1102 403 1167 quod
431 1102 560 1161 idem
581 1104 733 1151 valere
755 1121 806 1151 ac
833 1124 854 1149 «
872 1107 1110 1168 καλλίῤῥοος
1126 1124 1148 1149 »
1162 1109 1258 1169 Jam
1289 1104 1427 1152 multi
1453 1103 1627 1152 videre.

347 1180 483 1238 Quod
511 1179 570 1227 ad
591 1183 789 1228 Deorum
816 1181 1131 1229 interventum
1155 1182 1336 1242 attinet,
1366 1180 1506 1245 plura
1531 1183 1633 1244 qui-

284 1256 393 1304 dem
415 1258 613 1304 Homero
639 1258 876 1319 incognita
900 1258 949 1304 in
972 1257 1181 1305 Aeneide
1211 1258 1414 1305 inveniri
1439 1273 1534 1304 nou
1558 1273 1634 1305 ne-

285 1334 525 1395 gaverim3
563 1333 819 1396 aliquando
858 1334 982 1381 enim
1026 1336 1254 1398 ἐπιφανείας
1289 1339 1543 1398 apparatus
1573 1333 1633 1382 ad

240 1414 243 1415 ’
289 1403 516 1457 terrorem
543 1419 613 1457 est
630 1412 922 1475 compositus
947 1425 959 1458 ε

366 1531 476 1571 Haec
495 1529 569 1571 ubi
588 1530 696 1572 dicta
714 1530 840 1585 dedit,
863 1533 972 1575 coelo
995 1547 1040 1575 se
1061 1533 1248 1589 protinus
1271 1533 1352 1575 alto

368 1595 489 1636 Misit
511 1609 637 1650 agens
659 1595 850 1649 hiemem,
873 1598 1014 1640 nimbo
1035 1599 1239 1640 succincta
1257 1612 1331 1655 per
1348 1600 1512 1640 auras².

295 1704 426 1757 Alias
449 1710 523 1757 Dii
551 1710 655 1758 luce
677 1710 952 1758 circumdati
974 1711 1242 1774 prodeunt:

454 1895 612 1936 Insedit
635 1897 776 1938 nimbo
800 1898 999 1952 effulgens
1019 1904 1058 1939 et
1078 1831 1442 1952 ὓοῐςοηξῖξὲἓαῦ.

291 2010 338 2055 In
377 2007 603 2068 discessu,
631 2020 682 2057 ut
711 2011 913 2059 alituum
951 2013 1123 2059 formae
1152 2011 1227 2059 Dii
1262 2009 1541 2058 waledixisse
1569 2009 1642 2057 vi-

295 2086 483 2144 dentur,
512 2086 575 2132 ita
605 2103 651 2134 se
677 2090 964 2136 autincessu
990 2090 1092 2154 ipso
1121 2095 1203 2136 aut
1237 2087 1473 2135 ambrosio
1503 2085 1644 2135 odore

295 2163 485 2223 agnosci
508 2163 694 2222 sinunt;
721 2181 837 2228 quae
873 2167 1034 2212 omnia
1057 2182 1149 2213 non
1177 2173 1272 2212 tam
1294 2163 1515 2212 Romanis
1538 2179 1644 2228 pro-

295 2239 398 2300 pria
425 2246 534 2285 sunt
574 2255 718 2301 quam
758 2257 785 2289 a
813 2243 1054 2289 communi
1094 2250 1338 2306 poetarum
1363 2257 1454 2288 usu
1481 2239 1644 2299 ducta,

297 2327 418 2362 cere
462 2315 521 2362 ab
565 2318 762 2364 Homero
801 2326 909 2365 sunt
957 2317 1158 2366 diversa.
1200 2321 1250 2365 At
1299 2332 1462 2365 rursus
1500 2331 1644 2379 quam

297 2390 446 2438 multa
473 2408 565 2438 non
597 2392 852 2441 absimilia!
882 2396 1012 2442 Nunc
1040 2396 1141 2459 ipse
1179 2394 1314 2453 dene,
1344 2392 1468 2440 nulli
1493 2392 1644 2452 viSUS,

364 2563 398 2599 1.
436 2562 506 2602 Od.
532 2562 648 2612 XIII,
674 2567 748 2605 357
771 2570 810 2605 et
832 2567 929 2607 Aen.
956 2566 1049 2619 VII,
1078 2571 1166 2608 137.

359 2624 395 2660 2.
427 2622 520 2661 Aen.
547 2622 598 2671 X,
622 2626 712 2663 634.

359 2682 396 2717 3.
428 2680 522 2718 Aen.
549 2681 603 2731 ΙΙ,
628 2685 719 2722 615.
