1758 2903
347 220 439 265 que
460 204 600 250 verba
625 219 842 267 expressa
863 220 962 251 esse
981 212 1156 250 certum
1187 211 1338 250 est....
1359 223 1402 250 ».
1427 205 1542 250 Tum
1563 206 1694 251 Lers-

350 280 481 327 chius
512 282 634 327 Furii
658 282 877 340 Antiatis,
907 283 1066 339 Ennii,
1098 282 1234 340 Livii,
1255 282 1395 328 Taciti
1419 280 1520 327 loca
1542 282 1690 327 affert.

348 357 436 404 Sed
477 374 547 404 res
576 357 696 404 nthI
727 374 834 420 prae
865 373 910 404 se
936 357 1024 403 fert
1058 357 1180 418 quod
1209 359 1398 420 proprie
1432 359 1693 404 Romanum

349 435 408 479 sit
443 450 452 480 :
487 435 587 496 ipsa
624 434 819 496 antiqua
859 433 1118 479 dimicandi
1153 434 1267 479 ratio
1298 433 1490 496 cogebat
1521 441 1573 480 ut
1608 433 1695 479 ali-

348 510 536 572 quando
562 510 634 555 vir
654 526 760 556 cum
783 511 883 555 viro
902 509 1200 572 depugnaret.
1220 508 1343 564 Quid
1365 508 1419 555 de
1435 518 1693 555 castrorum

349 587 475 632 situ?
494 588 651 633 Castra
679 601 733 631 ea
754 585 992 632 tutissima
1011 601 1037 631 a
1063 585 1288 631 Romanis
1315 584 1473 630 haberi
1494 600 1694 648 quorum

348 663 470 709 latus
500 662 729 723 adjectum
759 663 819 708 sit
847 661 1052 720 flumini,
1080 660 1281 707 alterum
1311 659 1571 707 editissimo
1595 660 1694 708 loco

348 739 563 797 ductum,
602 739 790 785 tertium
829 737 996 802 palude
1034 738 1267 795 cinctum,
1314 753 1365 783 ex
1415 738 1551 784 Hirtii
1597 737 1695 785 loco

348 815 478 862 docet
497 815 760 861 Lerschius.
783 817 899 861 Tum
921 814 1053 860 addit
1077 831 1087 862 :
1115 816 1270 860 «Haec
1293 815 1453 860 omnia
1474 814 1522 860 in
1544 821 1696 860 castra

348 891 419 937 vel
450 890 678 953 oppidum
713 889 770 936 ab
807 893 957 937 Aenea
988 889 1227 937 conditum
1256 892 1502 937 convenire
1528 889 1694 936 viden-

347 976 438 1013 tur.
470 969 577 1012 Ruit
605 967 730 1011 enim
759 966 934 1012 fluvius
962 967 1025 1012 ibi
1051 968 1100 1012 in
1125 983 1268 1013 mare.
1297 966 1366 1013 Cf.
1395 969 1472 1023 IX,
1499 967 1613 1014 467.
1643 968 1692 1012 ln

348 1045 450 1105 ipso
470 1059 577 1089 vero
597 1044 741 1089 fluvio
767 1042 960 1089 classem
989 1045 1145 1105 posuit
1164 1045 1343 1089 Aeneas
1362 1045 1437 1101 IX,
1456 1042 1706 1100 693100us

346 1128 413 1164 est
449 1119 640 1177 editior3
680 1121 726 1164 in
765 1119 922 1165 littore
952 1120 1077 1165 enim
1113 1121 1262 1181 posita
1289 1129 1416 1174 sunt,
1452 1121 1546 1178 VII,
1580 1121 1690 1166 458.

345 1196 495 1241 Tertio
531 1195 644 1241 haec
680 1196 860 1241 Aeneae
898 1205 1047 1242 castra
1089 1194 1261 1259 palude
1296 1195 1520 1242 videntur
1551 1196 1695 1242 fuisse

347 1272 544 1330 munita,
567 1274 680 1330 XIII,
710 1274 802 1320 745
833 1289 876 1319 ».
905 1274 963 1319 Ut
981 1272 1092 1318 haec
1113 1273 1271 1318 omnia
1294 1272 1512 1336 eVirgilii
1536 1272 1693 1319 verbis

345 1349 442 1394 erui
485 1350 685 1411 possint,
731 1349 857 1395 vides
907 1349 1081 1395 nullam
1123 1349 1198 1395 hic
1238 1349 1398 1412 populi
1440 1349 1694 1413 cujuslibet

345 1425 728 1471 consuetudinem
755 1426 1003 1489 perstringi
1031 1445 1039 1471 :
1063 1442 1208 1489 quum
1234 1434 1368 1488 poeta
1395 1425 1579 1472 Aenean
1607 1442 1693 1489 pro

345 1499 458 1547 duce
484 1503 632 1564 perito
659 1502 814 1549 haberi
843 1519 953 1548 sane
979 1503 1107 1560 velit,
1130 1519 1220 1549 non
1245 1503 1418 1549 mirum
1443 1512 1513 1549 est
1536 1503 1691 1549 virum

343 1576 569 1639 eligendis
584 1586 845 1625 castrorum
870 1578 981 1624 locis
1002 1579 1209 1640 aliquam
1239 1578 1533 1642 prudentiam
1555 1578 1691 1625 adhi—

346 1652 467 1699 bere.

407 1731 496 1776 Nec
521 1730 565 1775 in
597 1730 682 1776 hoc
715 1738 893 1776 tantum
921 1730 1104 1776 videtur
1129 1730 1374 1777 Lerschius
1405 1745 1573 1777 errare.
1602 1731 1689 1777 Sed

344 1822 494 1870 saepe,
529 1808 803 1870 praesertIm
835 1807 882 1852 in
911 1808 1247 1867 antiquitatum
1284 1806 1458 1865 libello,
1492 1806 1688 1865 nodum,

344 1884 381 1929 si
407 1884 510 1944 quis
536 1882 796 1946 disputanti
817 1884 1034 1941 occurrit,
1062 1899 1153 1929 non
1177 1883 1316 1930 solvit
1340 1882 1418 1930 sed
1442 1883 1686 1947 praecidit.

344 1959 556 2023 Exempli
577 1975 736 2017 causa,
755 1976 992 2006 ramorum
1016 1960 1365 2023 oleagineorum
1384 1976 1500 2006 usus
1524 1959 1583 2007 ad
1608 1976 1691 2023 pa·

341 2051 440 2082 cem
476 2035 718 2097 petendam
750 2052 859 2083 sane
899 2036 1176 2082 insolentior
1210 2044 1262 2082 ut
1294 2037 1338 2082 in
1371 2037 1609 2096 Romanis,
1647 2045 1691 2084 et

343 2128 444 2158 esse
473 2113 688 2158 Lerschi0
715 2129 900 2175 quoque
927 2113 1133 2172 videtur-3
1161 2112 1240 2159 sed
1271 2128 1460 2158 causam
1489 2128 1573 2159 cur
1592 2113 1692 2160 Vir-

343 2187 486 2250 gilius
520 2204 543 2233 a
585 2204 712 2234 more
741 2205 825 2234 suo
857 2197 1034 2234 tantum
1063 2188 1317 2245 deflexerit,
1349 2197 1394 2235 et
1429 2189 1624 2252 requirit
1645 2198 1690 2237 et

345 2279 436 2309 non
475 2263 554 2310 diu
595 2265 849 2326 quaesitam
886 2265 933 2310 in
975 2264 1181 2311 medium
1221 2264 1509 2311 confidenter
1533 2267 1684 2314 affert.

350 2359 370 2382 α
403 2341 504 2386 Non
539 2339 806 2403 negandum
832 2348 902 2387 est
931 2341 1084 2403 ipsum
1117 2340 1201 2387 hoc
1236 2341 1337 2388 loco
1362 2343 1590 2388 Graecum
1619 2342 1686 2389 ri-

344 2424 444 2462 tum
471 2415 706 2479 adoptare,
734 2416 812 2463 sed
838 2416 974 2463 talem
1013 2419 1154 2463 ritum
1184 2418 1262 2478 qui
1299 2432 1446 2479 quum
1485 2417 1688 2481 populus

343 2494 577 2539 Romanus
614 2493 684 2539 vix
723 2509 932 2556 unquam
968 2492 1025 2539 ad
1055 2509 1213 2556 preces
1246 2502 1291 2539 et
1324 2494 1688 2556 supplicationes

345 2567 465 2615 bello
491 2569 638 2615 victus
668 2570 807 2615 fuerit
832 2569 1067 2632 delapsus,
1095 2586 1117 2615 0
1140 2570 1289 2632 patria
1316 2570 1484 2616 arcessi
1512 2586 1687 2634 nequa·

344 2660 483 2706 quam
507 2652 696 2708 poterat.
725 2645 807 2692 Ubi
835 2646 958 2692 enim
982 2646 1161 2692 occasio
1187 2661 1373 2709 semper
1395 2645 1560 2703 defuit,
1585 2662 1687 2693 mos
