1758 2903
615 140 824 175 —65—-

43 221 169 278 Quid
189 222 314 286 quod
334 222 459 286 apud
471 225 725 271 Homerum
742 231 884 271 mater
896 226 1084 271 Deorum
1105 240 1196 272 non
1218 232 1287 273 est
1306 224 1386 272 illa

43 298 344 362 Berecynthia

173 402 298 442 Laeta
317 401 437 442 deum
460 409 594 457 partu,
613 410 774 444 centum
794 404 1001 459 complexa
1019 408 1224 461 nepotes1.

43 502 121 548 sed
151 502 291 563 Rhea,
311 504 447 550 Croni
468 508 568 566 conj
579 521 636 551 ux
656 513 700 551 et
719 505 901 552 soror’?
918 507 1155 568 Agnosces
1178 506 1386 553 fabulam

42 589 94 626 ut
129 579 188 626 ab
220 581 411 627 Oriente
444 583 725 644 profectam,
769 583 833 628 itu
866 598 892 628 a
928 583 1116 629 Graecis
1149 592 1382 647 acceptam

41 655 436 719 elaboratamque‚
463 656 586 703 unde
605 662 713 719 jure
734 659 978 704 Lucretius
1004 658 1120 705 dixit
1144 674 1154 705 :

171 765 286 805 Hanc
308 773 451 807 veteres
473 767 639 807 Graium
659 768 760 807 docti
782 767 961 808 cecinere
976 777 1112 820 poetae

174 828 402 870 Sublimem
422 830 466 869 in
488 842 607 870 curru
630 828 794 884 bijugos
816 831 968 885 agitare
991 831 1128 872 leones
1139 833 1167 872 ³.

41 932 200 987 Quum
228 933 456 978 Homerus
482 930 559 977 his
588 933 736 994 poetis
769 949 860 979 non
889 933 949 979 sit
975 932 1384 988 annumerandus,

41 1006 99 1053 ab
123 1007 217 1053 illis
244 1008 326 1070 qui
354 1016 458 1071 post
482 1010 734 1055 Homerum
763 1009 859 1055 nati
887 1017 998 1056 sunt
1025 1009 1386 1071 descriptionem

40 1083 219 1146 Virgilii
256 1083 475 1131 haustam
510 1084 654 1131 fuisse
689 1084 991 1147 cogitandum
1018 1094 1106 1145 est,
1139 1087 1230 1132 nisi
1272 1087 1389 1132 velis

39 1161 285 1221 arbitrari,
304 1161 381 1207 hic
406 1170 456 1208 ut
477 1162 526 1208 in
547 1161 652 1208 aliis
673 1162 813 1220 locis,
838 1170 1049 1209 nostrum
1072 1169 1251 1225 poetam
1277 1178 1386 1209 cumi

39 1239 247 1284 Lucretio
258 1238 439 1301 poetico
449 1237 652 1301 quodam
665 1239 916 1286 certamine
929 1239 1240 1285 contendisse.
1255 1241 1387 1294 Quod

40 1330 147 1360 vero
160 1314 464 1374 Aesculapius,
485 1325 695 1362 revocato
712 1315 769 1361 ad
786 1316 926 1361 vitam
944 1314 1136 1362 homine
1152 1318 1174 1363 J
1179 1317 1253 1362 ovi
1269 1317 1387 1362 iram

40 1393 206 1450 movit,
223 1390 434 1438 nondum
455 1392 643 1438 Homeri
667 1391 975 1454 temporibUS,
995 1407 1147 1454 quum
1167 1391 1388 1438 Aescula-

39 1467 149 1529 pius
184 1467 264 1513 vix
291 1474 390 1513 tum
416 1483 539 1513 unus
561 1483 583 1512 e
612 1467 709 1513 Diis
731 1467 999 1523 haberetur,
1021 1467 1276 1530 excogitari
1300 1483 1383 1531 po·-

41 1543 151 1601 tuit3
179 1543 340 1591 Graeci
366 1550 522 1590 autem
549 1555 709 1606 poetae
736 1544 884 1591 mulfo
912 1551 1019 1590 ante
1041 1544 1309 1607 Virgilium,
1339 1554 1390 1592 ut

40 1634 94 1665 ex
110 1617 312 1666 Pindaro
336 1621 563 1683 appareffi,
588 1619 794 1667 fabulam
823 1619 948 1667 hanc
968 1621 1219 1667 commenti
1235 1631 1384 1667 erant„

38 1698 141 1744 Jam
176 1695 411 1757 Harpyae⁵
441 1696 568 1759 apud
608 1698 855 1744 Homerum
894 1712 987 1743 non
1025 1697 1144 1744 aliae
1184 1705 1295 1743 sunt
1332 1713 1385 1743 ac

38 1778 283 1818 ventorum
324 1772 555 1834 spirantes
594 1788 735 1819 aurae
777 1773 954 1836 quibus
983 1773 1118 1820 'filiae
1161 1773 1387 1821 Pandarei

40 1846 363 1910 abripiuntur3
389 1862 531 1910 quam
559 1848 811 1895 dissimiles
833 1849 994 1895 sintin
1015 1850 1218 1895 Aeneide
1238 1850 1389 1896 nemi-

41 1939 148 1970 nem
175 1923 310 1970 fallit.
328 1923 514 1970 Scilicet
534 1924 762 1988 Virgilius
784 1924 1083 1988 Apollonium
1111 1927 1319 1989 sequitui·
1336 1943 1387 1973 ac

40 1999 154 2062 quid
172 1999 355 2047 heroica
374 2008 499 2047 aetas
515 1999 572 2047 de
585 2003 786 2064 Harpyis
808 2002 1006 2048 senserit
1027 2000 1190 2049 leviter
1205 2002 1388 2049 videtur

37 2077 232 2123 curare⁶.
247 2076 430 2124 Miraris
441 2077 804 2138 Aeyioneminter
817 2081 837 2126 J
842 2079 942 2124 ovis
956 2078 1107 2125 hostes
1121 2078 1168 2124 in
1187 2079 1387 2125 Aeneide

38 2151 199 2200 referri
220 2168 366 2216 quum
390 2153 438 2200 in
458 2153 600 2200 Iliade
623 2154 723 2202 Jovi
751 2155 1035 2218 periclitanti
1062 2170 1198 2218 opem
1222 2155 1387 2202 tulisse

96 2282 131 2319 1.
160 2279 256 2319 Aen.
280 2278 353 2329 VI,
378 2282 468 2321 786.

94 2343 133 2377 2.
163 2338 284 2378 Iliad.
300 2337 412 2388 XIV,
440 2341 527 2377 103.
546 2337 645 2389 XV,
676 2342 765 2380 187.

92 2402 131 2437 3.
162 2397 282 2445 Luc„
305 2396 362 2444 Π,
384 2401 477 2438 600.

91 2460 132 2496 4.
162 2455 372 2506 Pyzh.111,
393 2460 457 2496 96.
484 2454 544 2496 Cf.
564 2454 731 2503 Aesch„
756 2457 992 2507 Ayamemn.
1027 2458 1143 2495 1021.

92 2519 129 2554 5.
163 2515 234 2554 od.
258 2514 348 2564 XX,
373 2518 438 2564 66,
465 2515 662 2555 77.—Jl.
688 2514 799 2564 XVI,
832 2519 920 2555 150.

94 2578 131 2613 6.
163 2571 284 2626 Apud
322 2571 545 2612 Hesiodum
582 2573 765 2627 (Theoyn.
789 2574 880 2627 265)
904 2573 1090 2627 Harpyae
1132 2572 1260 2612 forma
1291 2580 1387 2612 suni,

23 2630 299 2686 conspicua&
336 2630 493 2684 primus
526 2631 752 2685 Aeschylus
796 2633 1056 2686 (Eumenides,
1088 2646 1125 2671 v.
1153 2635 1221 2685 46)
1252 2631 1386 2672 foedas

39 2698 204 2746 aspectu
228 2689 434 2732 describit.

1153 2768 1174 2802 5
