1758 2903
898 144 1109 180 -68-

330 230 645 292 perlustraret,
672 229 911 275 veritatem
939 228 986 274 in
1010 242 1104 274 una
1130 242 1156 274 e
1179 228 1377 291 picturis
1405 228 1671 291 requirere;

331 321 518 368 nempe,
563 305 603 351 si
643 303 758 350 fides
789 306 987 351 Homero
1022 302 1286 362 adhibetur,
1332 313 1567 367 raptatum
1598 313 1668 353 est

325 381 522 429 Hectoris
547 397 738 443 corpus,
768 396 861 426 non
887 381 1009 427 circa
1034 379 1198 427 urbem
1223 382 1422 444 Trojam‚
1444 380 1525 428 sed
1545 381 1670 428 circa

329 458 525 505 Patrocli
552 472 732 521 pyram.
755 455 884 504 Unde
908 457 995 503 hoc
1025 472 1209 519 quoque
1233 473 1260 503 a
1286 466 1421 519 poeta
1441 465 1666 505 novatum

325 534 426 580 est?
449 533 623 581 Habuit
647 549 754 579 sane
774 533 823 579 in
842 533 1000 579 animo
1017 531 1256 596 Euripilis
1272 549 1455 594 versus,
1479 534 1666 594 eadem,

327 613 526 658 Homero
548 608 745 670 deserto,
772 608 1011 673 fingentis.

487 751 546 790 καὶ
567 752 626 790 τὸν
649 752 731 803 ἐμὸν
755 751 882 802 μελέας
896 751 999 791 πόσιν
1019 748 1183 803 Ἕκτορα
1203 752 1260 791 τὸν
1283 753 1364 805 περὶ
1385 751 1487 806 τείχη

488 817 627 856 εἵλκυσε
647 816 816 870 διφρεύων
838 820 920 861 παῖς
944 816 1046 861 ἇλίας
1073 817 1262 862 Θέτιδοςί.

391 944 572 992 Alludit
587 960 774 1007 quoque
803 945 1029 1007 Virgilius
1049 944 1106 991 ad
1127 944 1372 992 oraculum
1393 961 1487 1009 quo
1510 947 1673 995 Rhesus

330 1038 412 1070 rex
437 1023 682 1081 Thracum,
700 1025 1005 1084 Trojanorum
1017 1024 1189 1078 socius,
1212 1026 1393 1087 Trojam
1409 1031 1510 1071 erat
1523 1039 1678 1072 serva-

327 1109 481 1159 turus,
518 1100 558 1145 si
589 1104 690 1161 ejus
720 1099 829 1161 equi
874 1100 923 1145 in
960 1099 1148 1145 Xantho
1178 1099 1376 1146 flumine
1408 1099 1674 1159 bihissent3

334 1192 455 1239 quae
483 1175 639 1222 sabula
675 1175 813 1238 plane
838 1177 1092 1222 Homerum
1126 1183 1171 1222 et
1199 1175 1476 1238 Euripidem
1511 1176 1674 1237 latuit;

331 1260 378 1298 at
401 1252 520 1299 in‘L.
546 1251 691 1308 Attio,
715 1251 797 1313 qui
823 1266 942 1309 eam,
961 1258 1014 1297 ut
1041 1249 1237 1309 videtur,
1268 1251 1326 1298 ab
1349 1251 1508 1315 aliquo
1535 1254 1676 1301 Grae-

330 1330 429 1376 ciae
452 1327 628 1392 tragico
653 1336 788 1392 poeta
813 1328 1103 1392 repetiverat‚
1129 1329 1370 1376 invenitur
1391 1328 1425 1377 ².

388 1533 419 1568 l.
452 1529 641 1568 Androm.
674 1530 762 1567 107.

383 1593 418 1626 ᾖ.
449 1587 534 1627 Nec
556 1585 716 1626 videtur
740 1599 901 1640 quoque
923 1585 1161 1627 Macrobius
1185 1597 1315 1625 errare
1335 1597 1463 1639 quum
1484 1582 1534 1624 ad
1553 1583 1679 1624 Euri-

326 1645 435 1700 pidis
460 1644 726 1684 imitationem
752 1645 1023 1699 Virgilianam
1053 1643 1167 1684 illam
1195 1643 1244 1683 de
1270 1642 1442 1683 Didonis
1468 1642 1582 1683 fatali
1613 1655 1681 1683 ca-

326 1704 423 1758 pillo
463 1702 643 1743 fabulam
691 1702 811 1743 refert
850 1705 1030 1756 (Satura.
1053 1703 1104 1754 V,
1139 1702 1214 1755 19).
1247 1701 1459 1742 Inducitur
1494 1701 1603 1742 enim
1634 1701 1680 1741 in

329 1778 370 1804 sc
396 1777 490 1803 nam
525 1778 549 1803 a
570 1770 689 1817 poeta
711 1763 861 1803 Graeco
882 1763 998 1803 Mors
1019 1761 1204 1815 gladium
1230 1769 1395 1815 gestans
1419 1775 1499 1816 quo
1524 1761 1678 1802 crinem

326 1821 523 1863 Alcestidi
545 1820 757 1862 abscindat
780 1829 901 1876 atque
922 1822 979 1861 ita
999 1821 1181 1876 loquitur
1206 1824 1258 1872 (v.
1283 1822 1348 1873 74)
1374 1832 1383 1861 ζ

568 1911 654 1955 Ἥδ’
675 1910 731 1954 οὖν
751 1915 837 1967 γυνὴ
861 1915 1017 1955 κάτεισιν
1037 1918 1085 1960 εἷς
1103 1911 1209 1954 Ἃδου
1230 1915 1368 1967 δόμους.

567 1975 706 2027 Στείχω
729 1975 762 2012 δ’
779 1976 833 2034 ἔπηξ’
854 1974 979 2026 αὐτὴν,
999 1977 1046 2019 ὡς
1063 1974 1291 2026 και-ἄρξωμαι
1311 1974 1399 2026 ξίφει
1412 1989 1424 2000 ·

571 2033 677 2086 Ἱερὸς
696 2032 762 2084 γὰρ
783 2037 878 2077 οὗτος
900 2035 968 2071 τῶν
989 2033 1080 2072 κατὰ
1097 2033 1222 2084 χθονὸς
1243 2035 1346 2079 θεῶν,

564 2088 679 2131 υΟτου
701 2093 774 2129 τόδ’
795 2092 898 2144 ἔγχος
921 2094 1047 2144 κράτος
1069 2092 1202 2143 ἁγνίσει
1222 2091 1343 2143 τρίχα.

325 2191 405 2231 Nec
448 2185 640 2227 dissentit
682 2185 870 2236 Servius,
918 2184 987 2225 ille
1027 2183 1194 2238 quidem
1232 2189 1389 2225 auctus.
1422 2182 1553 2232 Quam
1591 2194 1677 2222 rem

327 2245 561 2291 Lcrschius.
598 2245 697 2285 satis
733 2244 916 2293 ridicule,
939 2250 983 2283 ut
1012 2242 1185 2294 videtur,
1212 2242 1263 2283 ab
1294 2256 1340 2283 eo
1377 2255 1488 2281 more
1524 2240 1678 2280 mavult

328 2307 472 2346 ducere
498 2319 577 2359 quo
609 2303 717 2358 apud
740 2305 959 2355 Romanos,
984 2302 1027 2342 in
1049 2301 1298 2357 quibusdam
1333 2299 1474 2351 sacris,
1506 2297 1677 2339 infernis

326 2367 496 2405 sortasse
517 2366 664 2418 (neque
685 2362 793 2403 enim
817 2361 858 2402 id
880 2362 964 2402 ullo
986 2362 1104 2402 modo
1134 2361 1322 2414 constat),
1349 2366 1480 2400 saetae
1501 2372 1522 2399 e
1546 2357 1678 2398 fronte

326 2424 583 2464 victimarum
621 2421 798 2468 evulsae,
829 2422 873 2461 in
907 2420 1024 2473 ignes
1065 2419 1369 2473 injiciebantur.
1405 2417 1558 2459 Cuncta
1584 2429 1678 2457 vero

327 2482 448 2522 verba
467 2481 689 2535 Virgilium
709 2488 804 2520 tunc
832 2478 1044 2534 Euripidis
1075 2478 1311 2519 meminisse
1331 2483 1510 2531 arguunt
1534 2488 1544 2517 :
1569 2474 1678 2529 legi-

329 2550 395 2582 tur
418 2541 525 2582 enim
544 2540 723 2595 primum
751 2552 758 2580 :

463 2633 654 2675 Nondum
675 2632 738 2675 illi
758 2633 905 2673 ssavum
926 2630 1172 2686 Proserpina
1186 2629 1333 2672 vertice
1355 2628 1510 2671 crinem

462 2692 712 2742 Abstulerat,
734 2693 942 2744 Styqioque
965 2698 1079 2743 caput
1102 2692 1361 2732 damnaverat
1387 2689 1497 2729 Orco.
