1758 2903
707 81 918 117 -15-

139 169 198 212 At
219 173 340 212 certe
363 164 701 211 demonstravit
734 173 914 228 poetam
937 170 1195 214 Romanum
1218 169 1480 231 plurimum

140 242 197 288 ab
222 243 418 287 Homero
439 240 623 287 differre
646 242 727 303 qui
756 258 905 303 neque
930 244 1111 290 Stoicus
1137 260 1286 306 neque
1311 245 1481 308 Epicu-

139 333 247 364 reus
283 332 433 380 neque
468 316 799 380 Pythagoreus,
832 335 980 382 neque
1012 320 1298 378 Platonicus,
1336 336 1485 383 neque

138 393 330 439 omnino
359 392 605 455 eujusdam
637 393 873 441 doctrinae
909 404 1112 442 sectator
1143 412 1253 442 eum
1281 397 1484 458 quadam

137 469 347 515 veritatis
369 470 520 531 specie
552 468 643 516 dici
667 471 830 532 possit.
858 473 1045 518 Frustra
1070 472 1213 534 igitur
1240 474 1421 518 Aeneae
1441 481 1486 519 et

138 549 237 607 eJus
263 545 512 592 comitibus
533 561 666 592 nemo
696 547 999 609 sapientium,
1032 549 1111 609 qui
1138 555 1238 593 tum
1265 549 1360 594 nati
1390 564 1485 595 non

139 629 284 678 erant,
316 620 505 667 auditus
541 630 632 679 est3
677 631 827 683 poeta,
872 623 957 685 qui
1003 639 1169 669 omnes
1209 623 1378 680 audiit,
1416 641 1486 670 sa-

137 697 359 758 pientiam
403 713 536 743 suam
581 713 687 742 eum
737 698 797 743 iis
836 699 1170 757 communicat3
1197 701 1484 761 praematuri

138 773 281 834 igitur
306 773 521 819 homines
555 788 609 819 ea
647 773 865 820 videntur
899 775 1021 820 seire
1055 790 1175 836 quae
1209 790 1346 820 nemo
1386 783 1483 821 tum

137 849 490 911 excogitaverat,
512 864 648 895 nemo
672 851 932 912 excogitata
954 850 1070 896 alios
1097 859 1197 896 tum
1230 850 1480 909 edocebat3

139 938 192 970 ex
216 923 470 971 illitteratis
498 924 640 983 docti,
668 942 724 971 ex
752 926 954 984 insanis,
984 934 1036 972 ut
1059 926 1199 972 verbo
1224 927 1483 974 Stoicorum

139 1008 259 1060 utar,
291 1001 523 1063 sapientes
548 1009 707 1063 poetae
734 1001 953 1048 beneficio
982 1011 1093 1049 sunt
1120 1002 1248 1049 faeti.

202 1079 267 1124 De
291 1077 384 1123 fato
410 1077 524 1139 quid
556 1079 756 1124 senserit
782 1078 1009 1141 Virgilius
1038 1080 1078 1124 si
1107 1095 1318 1140 quaeres,
1345 1080 1484 1126 inve-

138 1155 237 1201 nies
263 1170 451 1216 quoque
478 1157 737 1201 Romanum
765 1163 948 1218 poetam
973 1156 1159 1201 Homeri
1176 1156 1377 1218 vestigia
1403 1155 1485 1202 de-

139 1231 334 1277 seruise.
376 1251 398 1274 <c
433 1231 631 1277 Gravius
672 1231 806 1289 illud,
849 1232 1004 1293 inquit
1046 1232 1310 1289 Lerschius,
1362 1232 1486 1293 quod

138 1322 286 1371 quum
307 1323 446 1353 omne
466 1323 653 1353 carmen
678 1309 972 1354 Homericum
1001 1307 1195 1354 deorum
1223 1308 1482 1365 voluntate,

138 1384 337 1429 summis
357 1384 629 1445 praesertim
662 1388 800 1446 Jussu
839 1383 1120 1445 monitisque
1156 1384 1352 1441 nitatur,
1390 1386 1485 1428 vita

137 1466 181 1505 et
206 1459 326 1505 aetio
350 1459 502 1505 omnis
531 1475 557 1505 a
583 1461 691 1506 Jove
713 1475 897 1522 semper
926 1460 1111 1522 vigente
1141 1459 1482 1522 proficiscatur,

137 1536 376 1581 Romanus
403 1544 539 1598 poeta
563 1551 645 1598 per
663 1536 897 1598 integram
921 1535 1175 1582 Aeneidem
1206 1543 1484 1598 potestatem

141 1612 394 1675 quamdam
421 1628 603 1659 caecam
636 1614 796 1658 omnia
828 1621 1064 1674 agentem,
1100 1620 1364 1658 moventem
1395 1612 1484 1658 dif-

139 1689 311 1736 fuderit
338 1709 380 1736 ».
399 1689 675 1736 Videbimus
706 1697 863 1751 postea
884 1705 942 1734 an
964 1689 1013 1734 in
1032 1689 1230 1751 Virgilio
1252 1688 1484 1751 quaedam

140 1767 383 1813 Homerica
409 1767 491 1811 fati
519 1765 731 1811 doctrina
756 1764 1152 1827 deprehendatur5
1175 1765 1257 1812 sed
1277 1764 1402 1828 quod
1427 1764 1486 1810 ad

140 1843 409 1888 universum
450 1842 614 1887 attinet
660 1857 753 1887 non
792 1840 976 1888 videtur
1014 1841 1261 1888 Lersehius
1303 1856 1484 1900 errare;

140 1913 264 1976 apud
281 1914 527 1977 Virgilium
555 1914 701 1960 fatum
729 1919 901 1976 majore
928 1915 974 1960 vi
1007 1913 1282 1960 hominibus
1308 1913 1489 1959 incum-

140 1989 233 2047 bit;
260 1989 466 2036 volentes
489 1988 634 2046 ducit,
655 1996 926 2036 cunctantes
952 1997 1324 2052 repugnantesve
1346 1989 1487 2035 trahit

140 2064 488 2123 vehementius3
513 2065 773 2111 libertatem
794 2081 911 2127 quae
929 2066 1044 2112 olim
1070 2065 1163 2111 fere
1186 2072 1280 2111 tota
1309 2071 1484 2111 morta-

141 2141 267 2189 libus
292 2142 643 2204 relinquebatur
666 2141 1018 2204 angustioribus
1044 2142 1261 2188 terminis
1288 2141 1485 2187 circum-

143 2337 166 2363 a
196 2322 368 2376 Virgilio
408 2322 653 2362 illustratam
690 2320 938 2363 Claudianus
974 2320 1139 2374 repetiit
1172 2322 1228 2374 (R.
1261 2322 1307 2359 P.
1338 2320 1370 2370 Ι,
1407 2321 1488 2373 57).

145 2381 261 2432 Quod
281 2381 331 2421 ad
352 2382 578 2421 animorum
603 2382 766 2421 affectus
784 2380 941 2431 attinet,
961 2380 1139 2429 Servius,
1164 2379 1296 2419 locum
1322 2379 1489 2418 studens

145 2440 356 2494 explicare,
390 2440 545 2481 Stoicos
579 2440 741 2479 silentio
786 2439 1015 2492 praeterit:
1042 2440 1218 2487 «Varro,
1262 2436 1412 2490 inquit,
1452 2444 1491 2477 et

144 2512 274 2540 omnes
296 2501 515 2550 philosophi
535 2498 687 2549 dicunt,
710 2505 898 2552 quattuor
918 2511 1005 2537 esse
1029 2498 1289 2550 passiones...
1318 2515 1356 2537 >›.
1377 2496 1489 2536 Adeo

144 2555 238 2598 illae
255 2557 458 2598 doctrinae
479 2571 559 2598 non
571 2559 655 2611 jam
671 2557 721 2597 ad
741 2564 891 2598 sectam
911 2555 1127 2610 quamdam
1145 2555 1354 2597 definitam
1368 2555 1488 2608 vulgo

143 2615 431 2657 referebantur.
