1758 2903
701 140 937 178 -l‘29—

136 223 388 288 aliquando
413 239 573 286 preces
601 224 647 269 in
682 223 882 270 Aeneide
902 239 1142 272 occurrere
1167 240 1285 288 quae
1311 227 1483 272 Home-

137 303 248 348 ricis
299 299 513 364 precibus
552 300 645 346 sint
681 301 970 347 simillimae.
1011 301 1197 348 Etenim
1231 302 1314 364 qui
1358 300 1485 364 apud

136 380 389 425 Homerum
433 375 573 423 deum
612 375 818 439 aliquem
857 384 984 436 orat,
1036 384 1114 424 aut
1151 386 1483 424 commemorat

137 453 365 500 beneficia
395 468 420 498 a
454 452 540 499 deo
568 453 613 497 in
649 468 696 498 se
725 452 892 499 collata
918 455 1051 516 quasi
1080 454 1179 500 suis
1200 454 1302 517 ipse
1326 469 1486 500 mune-

102 578 104 581 ,
138 528 270 576 ribus
305 529 422 576 deus
465 529 768 591 astringatur,
807 538 886 575 aut
909 529 1084 576 hostias
1118 546 1144 576 a
1165 546 1213 576 se
1239 534 1340 593 Jam
1364 542 1488 577 mac-

137 612 276 665 tatae,
305 605 429 652 dona
452 606 547 651 aris
576 606 797 668 imposita
824 614 1047 665 recenset,
1079 614 1160 653 aut
1193 623 1240 653 se
1270 606 1485 653 futurum

138 699 238 729 esse
276 682 529 746 largiorem
564 681 838 744 pollicetur,
880 697 985 728 raro
1013 690 1169 729 autem
1197 682 1337 729 homo
1370 699 1484 746 sup-

136 759 244 822 plex
291 758 378 805 sibi
421 758 469 804 in
521 758 732 804 animum
776 757 961 804 inducit
1008 766 1062 806 ut
1111 775 1305 805 causam
1351 775 1485 805 suam

136 837 399 899 aequiorem
439 851 540 881 esse
575 833 845 881 contendat.
883 837 1029 890 Quem
1057 834 1275 898 precandi
1301 851 1480 882 morem

137 914 350 976 sequitur
380 910 605 975 Virgilius
638 929 647 957 :
689 910 1086 974 quemadmodum
1124 911 1367 958 Diomedes
1401 914 1485 959 Mi-

136 1005 327 1036 nervam
354 1005 466 1036 suae
483 989 531 1034 in
557 995 735 1051 patrem
757 988 1015 1036 voluntatis
1036 988 1255 1036 admonet
1278 997 1322 1036 et
1348 1005 1396 1036 se
1413 993 1489 1052 Ju-

135 1082 281 1112 venca
308 1065 536 1112 facturum
565 1081 666 1112 esse
696 1066 1018 1128 pronuntiem,
1040 1066 1102 1111 ita
1125 1064 1397 1125 Cloanthus,
1422 1066 1480 1112 ti-

135 1158 270 1189 mens
288 1159 345 1188 ne
368 1142 525 1204 palma
547 1141 744 1199 excidat,
767 1144 880 1188 Deos
903 1141 1052 1205 pelagi
1073 1149 1256 1189 taurum
1274 1142 1484 1189 vovendo

135 1219 396 1282 propitiat‘i
431 1217 837 1274 Quemadmodum
873 1220 1164 1282 Agamemno
1195 1220 1396 1266 miratur
1417 1235 1481 1278 se,

137 1311 286 1358 quum
307 1302 434 1342 tanto
465 1296 692 1357 sanguine
716 1310 819 1341 aras
853 1297 1050 1341 Deorum
1073 1296 1355 1358 resperserit,
1375 1305 1483 1342 ante

134 1374 316 1435 Trojam
348 1387 475 1418 nunc
501 1371 656 1418 adhuc
686 1371 888 1430 sedere³,
918 1371 982 1417 ita
1019 1371 1176 1418 Iarbas
1200 1373 1329 1420 Jovis
1354 1373 1483 1419 incu-

133 1449 251 1496 riam
272 1464 429 1495 amare
447 1449 658 1512 increpat
675 1449 702 1494 ⁶.
727 1447 962 1495 Menelaus
989 1446 1177 1510 quidem
1196 1447 1340 1494 semel
1359 1448 1483 1511 apud

133 1530 387 1574 Homerum
416 1525 607 1589 hospitii
627 1528 740 1588 jura
761 1540 786 1570 a
808 1523 970 1572 Paride
988 1523 1160 1571 violata
1181 1527 1227 1571 in
1249 1526 1485 1588 precando

136 1603 414 1662 memorat⁵3
434 1602 575 1650 semel
588 1603 786 1658 Aeneas,
812 1609 1064 1665 postquam
1089 1610 1279 1665 ruptum
1299 1609 1367 1649 est
1387 1603 1486 1650 foeu

134 1679 241 1737 dus,
281 1683 441 1728 Jovem
474 1680 709 1726 testatur&
749 1680 809 1725 At
845 1678 958 1725 haec
991 1678 1084 1725 duo
1111 1678 1301 1737 scelera,
1327 1680 1484 1742 perju-

134 1755 259 1800 rium
288 1763 332 1801 et
359 1753 554 1815 hospitii
593 1752 1005 1814 contemptionem,
1054 1753 1228 1799 scimus
1267 1768 1370 1799 esse
1392 1754 1485 1799 fere

138 1830 240 1877 sola
266 1846 385 1892 quae
408 1830 478 1876 Dii
499 1829 660 1876 ulcisci
685 1828 868 1875 heroica
886 1835 1032 1874 aetate
1047 1836 1342 1891 putarentur.
1362 1829 1482 1884 Quill

133 1907 259 1971 quod
290 1907 526 1953 interdum
558 1904 785 1968 Virgilius
817 1920 912 1950 non
936 1904 1163 1967 precandi
1199 1921 1377 1951 morem
1398 1905 1481 1953 he-

133 1985 314 2032 roicum
339 1980 666 2030 tantummodo
685 1981 773 2028 sibi
799 1981 1024 2040 vindicat,
1049 1980 1130 2028 sed
1150 1982 1273 2044 ipsas
1301 1997 1480 2045 preces,

134 2077 253 2124 quas
281 2060 513 2107 Homerici
539 2059 704 2106 heroes
726 2059 825 2105 Diis
859 2058 1098 2118 adhibent,
1118 2074 1263 2122 paene
1291 2058 1350 2106 ad
1374 2074 1484 2105 ver-

133 2137 248 2185 bum
291 2135 458 2195 reddit,
506 2135 630 2183 fidus
667 2135 926 2198 interpres;
964 2142 1016 2182 ut
1049 2151 1196 2198 quum
1220 2143 1476 2194 matronae,

192 2284 228 2318 1.
259 2279 307 2319 Il.
331 2278 383 2327 X,
405 2282 499 2318 278.

187 2343 227 2378 2.
258 2339 351 2378 Ae‘n.
375 2337 427 2387 V,
452 2340 544 2376 231.

189 2401 228 2436 3.
257 2397 305 2436 Il.
338 2395 452 2445 VIII,
490 2400 582 2435 236.
615 2394 674 2437 Cf.
715 2409 876 2450 quoque
914 2397 962 2436 Il.
996 2396 1029 2448 I,
1075 2401 1150 2445 393
1193 2393 1242 2434 de
1277 2407 1357 2448 quo
1395 2394 1482 2434 loco

132 2456 340 2510 Terpstra,
377 2456 642 2506 Antiquitatum
673 2456 905 2505 homericae,
941 2468 982 2510 p.
1020 2460 1092 2496 103
1118 2466 1126 2493 :
1154 2472 1175 2489 <c
1200 2453 1375 2507 Chryses
1405 2467 1479 2508 pro

132 2514 282 2569 pietate
293 2513 475 2567 Apollini
498 2513 660 2567 saepius
678 2513 873 2567 praestita
887 2528 960 2554 suo
975 2514 1151 2569 quodam
1164 2514 1257 2567 jure
1277 2519 1323 2552 ut
1340 2526 1480 2567 preces

134 2581 243 2614 ratae
263 2572 347 2613 sint
368 2573 546 2626 postulet
574 2591 612 2612 ».

189 2638 228 2674 4.
259 2634 334 2673 En.
356 2632 428 2683 IV,
450 2636 540 2672 206.

188 2698 226 2732 5.
256 2693 302 2731 Il.
327 2691 402 2741 III,
429 2694 522 2730 251.
553 2714 604 2720 -—
634 2695 672 2730 6.
705 2692 799 2731 Aen.
832 2692 926 2742 XII,
953 2696 1046 2732 496.
