1758 2903
863 193 1065 229 ..90‘

931 532 996 578 Vl

356 743 517 806 Atqui,
549 759 606 789 ne
642 742 884 789 videamur
921 752 1105 807 poetam
1136 742 1338 789 nimium
1381 740 1640 806 discerpere

292 819 358 865 ita
382 828 434 865 ut
459 820 536 864 vix
559 819 885 883 agnoscendus
914 821 992 876 sit,
1019 819 1187 882 placet,
1222 819 1363 865 sicuti
1383 822 1480 882 Jam
1520 818 1642 866 dixi-

288 912 414 953 mus,
442 911 535 942 non
571 911 734 942 versus
769 896 998 959 quosdam
1041 896 1298 942 studiosius
1321 895 1553 955 quaesitos
1585 896 1636 942 in

291 971 500 1018 medium
526 973 746 1030 proferre,
782 972 860 1019 sed
890 972 1114 1033 quasdam
1139 972 1296 1035 operis
1323 980 1478 1035 partes
1501 971 1639 1019 nobis

290 1047 644 1110 perlustrandas
671 1056 808 1111 atque
833 1049 1134 1110 explicandas
1157 1064 1357 1095 sumere.

354 1126 450 1170 Hoc
472 1140 579 1170 vero
604 1125 1004 1187 praemonendum
1034 1132 1272 1187 putamus,
1316 1124 1442 1187 quod
1475 1128 1575 1187 jam
1611 1140 1636 1172 e

291 1216 434 1263 supra
459 1199 599 1246 dictis
622 1201 780 1263 quivis
802 1201 1049 1263 intelligat,
1073 1217 1165 1246 non
1194 1217 1331 1263 posse
1358 1201 1635 1264 pierumque

289 1277 426 1323 certis
448 1277 733 1339 argumentis
754 1277 1061 1323 demonstrari
1087 1277 1174 1323 hoe
1189 1279 1487 1324 Homericum
1511 1292 1630 1336 esse,

290 1352 411 1399 iilud
451 1356 746 1412 Romanum3
779 1370 853 1400 res
895 1355 1021 1400 enim
1057 1362 1154 1400 tota
1197 1354 1471 1417 antiquitate
1502 1362 1636 1399 notae

291 1437 427 1491 atque
448 1439 698 1492 usurpatae
725 1431 790 1476 ita
812 1431 988 1477 multae
1011 1439 1119 1477 sunt
1141 1439 1190 1476 ut
1213 1447 1359 1492 quum
1380 1429 1637 1494 dijudicare

289 1505 404 1551 velis
419 1516 576 1551 utrum
598 1514 731 1569 poeta
747 1508 998 1569 graecisset
1019 1523 1096 1566 an,
1122 1517 1172 1553 ut
1193 1510 1256 1553 ita
1278 1506 1637 1569 dicam‚patris-

292 1588 374 1636 set,
421 1582 630 1645 exempla
663 1583 710 1627 in
753 1593 1000 1645 utramque
1032 1590 1211 1646 partem
1245 1591 1526 1646 suppetant..
1544 1580 1635 1628 Sed

290 1660 404 1704 satis
425 1659 511 1704 erit
530 1658 663 1705 nobis
686 1659 723 1705 si
744 1659 1044 1705 ostendemus
1056 1660 1317 1705 Homericae
1333 1657 1637 1705 aetatisindo·

289 1732 377 1780 lem
425 1743 505 1780 aut
558 1735 603 1779 in
648 1739 922 1781 universum
977 1743 1206 1781 servatam
1247 1745 1328 1781 aut
1365 1744 1490 1781 certe
1539 1750 1632 1780 non

289 1810 481 1856 omnino
499 1809 697 1856 deletam
725 1811 884 1857 fuisse.
910 1812 1001 1866 Qui
1027 1810 1156 1857 aliud
1185 1811 1274 1857 sibi
1304 1811 1628 1857 demonstran-

290 1885 403 1932 dum
432 1888 702 1950 sumpserit,
729 1903 943 1934 veremur
969 1903 1043 1942 ne,
1071 1903 1188 1949 quae
1216 1896 1317 1934 tum
1339 1887 1481 1951 oinei
1510 1895 1636 1951 pote-

290 1972 418 2020 runt,
446 1964 607 2009 minus
632 1963 887 2009 dissolvere
904 1971 1056 2026 queat.

356 2044 503 2100 Atque
521 2048 572 2084 ut
593 2039 651 2085 ab
679 2041 737 2084 iis
762 2039 1002 2084 ordiamur
1030 2046 1147 2101 quae
1174 2039 1231 2084 ab
1262 2039 1461 2085 heroicis
1491 2040 1634 2086 mori-

290 2116 378 2163 bus
400 2115 657 2179 plurimum
688 2114 929 2169 recedunt,
959 2115 1226 2160 convivium
1256 2113 1372 2161 illud
1413 2115 1461 2160 in
1493 2115 1635 2163 Dido-

290 2193 363 2238 nis
383 2191 579 2238 aedibus
603 2199 811 2253 paratum
826 2192 1199 2251 considerem-us,
1223 2192 1348 2254 quod
1368 2192 1462 2240 fere
1476 2195 1634 2242 cuncti

291 2270 568 2329 interpretes
613 2269 808 2313 omnino
854 2269 1115 2313 Romanum
1175 2267 1534 2315 contenderunt.
1579 2271 1634 2316 Et

288 2347 547 2391 Romanum
565 2343 753 2403 quidem
783 2353 850 2389 est
872 2360 925 2389 ex
949 2359 1115 2406 magna
1131 2354 1270 2406 parte.
1293 2346 1392 2391 Jam
1421 2347 1626 2408 primum

288 2420 508 2466 convivae
534 2435 626 2465 non
648 2418 826 2478 sedent,
848 2419 924 2465 scd
948 2418 1286 2467 discumbunt:

420 2530 510 2570 Jam
531 2536 644 2583 pater
672 2530 829 2568 Aeneas
854 2531 986 2582 etjam
1012 2530 1185 2581 Trojana
1200 2532 1393 2583 juventus

422 2594 673 2634 Conveniunt
695 2599 898 2647 stratoque
923 2607 1044 2648 super
1064 2593 1335 2635 discumbitur
1362 2597 1497 2636 auro’.

347 2734 378 2768 1.
412 2732 501 2769 Aen.
528 2729 560 2776 I,
584 2733 672 2768 699.
