1758 2903
844 74 1054 108 ...16—

278 159 484 220 scripsit3
508 157 619 204 latet
643 157 767 221 apud
794 160 1073 216 Homerum;
1110 156 1235 220 apud
1261 156 1511 219 Virgilium
1530 156 1623 204 fere

278 249 461 296 semper
484 234 533 279 in
549 241 652 280 actu
665 241 757 291 est,
783 235 919 296 quasi
934 249 958 280 e
973 234 1095 280 vitae
1115 233 1376 296 postscenio
1395 233 1442 278 in
1459 233 1614 296 ipsum

278 308 515 372 pulpitum
542 309 725 356 videtur
759 310 1002 371 irrupisse,
1037 309 1211 372 primas
1239 318 1393 372 partes
1421 308 1510 356 sibi
1540 308 1620 355 de-

278 400 474 446 poscens
507 400 856 447 occupansque.
887 384 1128 431 Consentit
1156 384 1232 430 hic
1264 399 1372 430 cum
1404 384 1623 431 Lerschio

275 460 480 519 Dietsch,
528 461 607 524 qui
641 469 888 523 postquam
932 459 989 506 de
1028 461 1118 506 sato
1159 461 1412 523 Virgiliano
1461 459 1624 523 dispu-

277 538 408 596 tavit,
445 537 559 583 haec
592 536 761 583 addit:
798 555 819 577 «
855 538 904 582 In
938 535 1012 581 his
1056 552 1196 598 quam
1238 536 1387 582 multa
1419 535 1618 582 obscura

275 619 413 675 atque
450 613 571 658 inter
605 627 652 658 se
690 612 997 674 repugnantia
1031 612 1141 667 sint,
1181 611 1337 673 quivis
1374 609 1611 673 intelligit,

276 688 355 735 sed
378 687 496 734 illud
525 687 999 734 animadvertendum
1027 687 1074 733 id
1110 686 1235 749 quod
1271 687 1387 733 ratio
1415 686 1624 750 postulat

276 770 329 808 ut
361 762 419 808 sit
445 760 627 823 aliquid
652 770 914 820 aeternum,
949 776 1095 807 unum
1135 768 1273 823 atque
1305 759 1619 819 immutabile,

275 854 370 900 quo
393 838 554 884 oxnnia
582 845 801 900 regantur
842 837 991 899 magis
1019 836 1076 882 ab
1105 836 1300 899 Virgilio
1318 844 1621 899 perspectum

276 913 426 960 suisse
447 929 589 976 quam
613 912 670 959 ab
691 915 892 959 Homero
911 916 923 938 ¹
954 929 998 959 )).
1024 912 1091 958 Ac
1120 928 1177 958 ne
1203 913 1316 958 forte
1344 919 1478 974 putes
1498 911 1619 957 hanc

276 990 545 1053 opinionem
607 996 732 1034 trans
791 988 1001 1035 Rhenum
1052 986 1379 1034 tantummodo
1438 987 1614 1050 vigere,

274 1073 456 1130 praesto
484 1066 542 1111 sit
571 1064 774 1127 aliquem
801 1081 824 1110 e
853 1065 1026 1110 nostris
1064 1063 1335 1111 hominibus
1379 1066 1623 1110 nominare

276 1141 358 1204 qui
381 1156 482 1187 eam
508 1140 646 1186 solita
670 1137 854 1186 dicendi
877 1138 1107 1203 elegantia
1130 1137 1480 1186 illustraverit².
1496 1139 1623 1194 Quos

276 1216 524 1278 scriptores
542 1215 647 1263 ideo
663 1217 944 1278 protulimus
968 1224 1019 1264 ut
1043 1215 1395 1263 ostenderemus
1419 1215 1621 1262 Lerschii

275 1293 552 1339 sententiam
598 1291 654 1339 de
696 1293 790 1339 sato
827 1293 1086 1356 Virgiliano
1127 1308 1360 1339 consensu
1403 1291 1618 1339 virorum

276 1366 517 1414 doctorum
538 1372 635 1430 jam
669 1377 797 1415 extra
824 1368 1190 1415 controversiam
1214 1367 1360 1414 fuisse
1385 1368 1610 1430 positam.

276 1445 464 1490 Constat
496 1451 650 1490 autem
673 1443 798 1507 apud
823 1447 1053 1492 Romanos
1087 1443 1179 1490 fata
1211 1443 1374 1490 haberi
1400 1450 1618 1490 aeternas

276 1518 401 1582 leges
419 1518 681 1581 ferreasque
700 1519 871 1582 quibus
897 1527 939 1566 et
967 1535 1040 1566 res
1064 1526 1107 1566 et
1126 1519 1338 1566 homines
1358 1527 1403 1565 et
1428 1518 1498 1566 dii
1524 1519 1619 1583 ipsi

275 1595 337 1640 ita
360 1593 691 1641 devinciuntur
715 1603 765 1641 ut
788 1594 920 1642 nulla
937 1595 1125 1656 imperii
1142 1595 1271 1641 illius
1287 1596 1619 1658 servitutisque

275 1670 384 1734 fuga
414 1686 515 1717 esse
543 1671 712 1733 possit3
740 1670 851 1718 deos
887 1681 1040 1718 autem
1069 1672 1170 1718 ideo
1201 1671 1418 1719 dominos
1458 1688 1616 1720 rerum

275 1747 614 1809 hominumque
633 1747 724 1794 dici
748 1748 861 1810 quia
878 1748 926 1794 in
950 1747 1126 1795 mundo
1145 1748 1329 1796 easdem
1353 1749 1447 1796 fere
1470 1759 1622 1812 partes

277 1831 394 1886 quas
425 1823 473 1870 in
514 1822 700 1869 civitate
735 1824 1034 1887 magistratus
1065 1832 1299 1871 tueantur.
1329 1826 1479 1880 Quam
1516 1825 1621 1872 doc-

334 2026 367 2061 1.
398 2019 577 2069 Dietsch‚
605 2022 933 2071 Theoloyoumena
962 2023 1198 2072 Viryiliana.

328 2083 366 2118 2.
398 2078 592 2130 Boissier,
614 2081 654 2118 la
669 2082 844 2131 Reliyion
865 2082 1062 2130 romaine,
1081 2080 1116 2131 Ι,
1141 2093 1182 2133 p.
1206 2085 1281 2120 274
1310 2093 1318 2119 ε
1346 2097 1366 2115 α
1381 2079 1432 2120 Ce
1451 2078 1547 2120 fond
1568 2079 1616 2121 de

276 2136 425 2177 fatalite
455 2137 546 2177 chez
577 2137 750 2177 Homere
785 2137 938 2178 semble
975 2146 1102 2178 rester
1129 2138 1275 2178 obscur
1301 2146 1341 2179 et
1366 2138 1549 2180 lointain.
1581 2139 1617 2180 Il

275 2197 360 2236 s’en
381 2195 556 2250 echappe
577 2209 648 2249 par
671 2204 873 2236 moments
898 2196 968 2236 des
992 2197 1125 2236 ressets
1155 2197 1340 2237 sinistres
1362 2197 1434 2250 qui
1457 2211 1615 2238 assom-

273 2253 453 2294 brissent
474 2253 667 2294 l'action:
691 2254 1004 2294 heureusement
1021 2268 1063 2295 ce
1081 2269 1131 2295 ne
1155 2264 1246 2295 sont
1266 2269 1343 2308 que
1363 2255 1433 2296 des
1456 2254 1612 2308 eelairs‚

275 2319 315 2352 et
333 2326 402 2352 sur
425 2312 461 2352 le
482 2313 658 2365 premier
678 2312 774 2367 plan
798 2327 841 2353 se
864 2312 1083 2382 developpe
1107 2312 1325 2354 librement
1351 2313 1541 2354 lactivite
1565 2314 1615 2355 de

274 2384 338 2410 ses
361 2384 637 2424 personnages
659 2371 779 2411 livres
800 2385 894 2411 sans
918 2371 1237 2425 arriere-pensec
1260 2387 1283 2411 a
1309 2371 1347 2412 la
1369 2372 1484 2412 fievre
1508 2371 1615 2412 dela

274 2428 349 2480 vie,
376 2436 414 2468 et
444 2428 626 2468 oubliant
649 2429 748 2469 dans
772 2429 830 2469 les
862 2430 1051 2484 passions
1076 2429 1129 2469 du
1159 2431 1322 2484 pre'sent
1344 2430 1403 2470 les
1429 2444 1612 2471 menaces

273 2485 322 2525 de
339 2462 364 2525 l
369 2486 519 2526 avenir.
542 2480 666 2537 Enee‚
689 2501 739 2526 au
761 2487 974 2540 contraire,
1002 2495 1063 2527 est
1083 2495 1168 2528 tout
1190 2504 1213 2528 a
1232 2488 1303 2528 fait
1326 2502 1421 2529 sous
1442 2488 1481 2528 la
1503 2489 1612 2529 main

274 2543 343 2583 des
366 2545 508 2595 Dieux‚
536 2551 574 2583 et
602 2544 703 2584 tient
730 2547 911 2599 toujours
944 2545 1002 2586 les
1032 2561 1132 2599 yeux
1168 2547 1264 2587 fixe's
1291 2561 1361 2587 sur
1385 2553 1486 2587 cette
1507 2547 1612 2587 force

275 2602 507 2653 superieure
529 2602 599 2655 qui
620 2602 655 2642 le
680 2606 793 2643 mene
808 2622 842 2642 ».
