1758 2903
630 141 838 177 -73-

129 221 371 278 Quaedam
396 232 441 269 et
463 223 553 269 alia
576 224 781 271 audendi
801 224 1010 288 exempla
1037 241 1153 289 quac
1181 225 1406 290 Virgilius

62 308 249 346 secutus
289 305 362 344 est
398 299 521 363 apud
570 301 765 348 Graecos
809 303 1032 365 reperias.
1082 304 1270 350 Constat
1314 304 1407 350 sere

63 375 325 422 Homericis
358 377 645 438 temporibus.
662 385 803 423 artem
834 380 1057 424 scribendi
1093 378 1305 426 nondum
1331 395 1409 427 ex-

62 451 311 514 cogitatam
344 452 517 512 fuisse;
551 453 675 516 quod
716 470 809 500 non
838 453 993 501 obstat
1025 455 1282 516 quominus
1308 471 1408 502 me-

62 534 273 574 moretur
295 527 438 575 verba
461 529 691 592 quaedam
716 530 762 576 in
788 546 910 593 equo
946 530 1140 578 durateo
1164 531 1306 578 fuisse
1334 532 1410 578 in-

64 603 294 666 scripta¹z
322 603 454 663 haec,
484 605 519 650 si
545 604 707 651 credas
740 607 884 664 Attio,
919 606 1124 652 fabulam
1163 606 1409 670 cujusdam

61 689 224 742 poetae
250 682 410 729 Graeci
437 682 483 727 in
512 681 707 728 latinam
734 684 959 746 Linguam
983 684 1184 729 vertenti
1212 698 1223 729 ε

114 794 325 835 Minervae
353 794 506 835 donum
528 795 798 850 omnipotenti
826 795 902 837 hoc
924 796 1118 838 abeuntes
1142 797 1268 838 Danai
1296 797 1409 838 dant.

67 906 151 953 llla
173 908 212 954 si
238 908 444 971 Hygino,

224 1023 357 1064 Danai
380 1023 592 1064 Minervae
622 1023 727 1065 dono
757 1023 867 1065 dant.

126 1138 190 1183 Ne
213 1136 356 1200 igitur
381 1137 566 1185 mireris
588 1139 776 1185 Aenean
802 1139 962 1202 templi
984 1139 1198 1202 postibus
1222 1141 1411 1205 affigere

58 1229 192 1260 arma
209 1229 316 1260 cum
343 1215 477 1261 titulo
502 1230 514 1262 ε

246 1330 403 1370 Aeneas
424 1329 522 1371 haec
542 1329 590 1370 de
611 1330 765 1371 Danais
793 1330 1016 1372 victoribus
1033 1335 1183 1374 arma2.

125 1446 387 1492 Excusatur
409 1453 546 1508 poeta
572 1445 718 1491 totius
758 1444 1044 1508 antiquitatis
1079 1460 1131 1492 ac
1164 1453 1411 1508 poetarum

61 1522 332 1585 praesertim
360 1519 712 1568 consuetudine.

127 1597 252 1654 Quid
294 1597 445 1644 dicam
485 1598 540 1644 de
574 1613 704 1644 more
738 1597 820 1644 uni
868 1604 1049 1645 tantum
1084 1598 1188 1660 pedi
1224 1602 1414 1663 peronis

63 1674 292 1737 aptandi?
311 1677 374 1721 De
388 1690 480 1737 quo
507 1675 692 1738 primus
707 1673 970 1721 Macrobius
992 1689 1003 1721 ε
1034 1694 1054 1718 «
1079 1674 1206 1723 hunc
1231 1693 1412 1724 morem

63 1753 114 1797 in
155 1750 288 1798 Italia
326 1750 472 1797 fuisse
510 1756 563 1796 ut
592 1766 685 1796 uno
714 1749 826 1813 pede
851 1750 1067 1809 calceato,
1098 1752 1243 1799 altero
1285 1753 1413 1799 nudo

61 1828 208 1874 iretur
258 1827 316 1874 ad
359 1826 556 1883 bellum,
606 1842 845 1888 nusquam
892 1826 1044 1874 adhuc
1090 1828 1217 1890 quod
1260 1831 1409 1875 sciam

62 1904 234 1966 reperi,
261 1903 340 1949 sed
367 1919 469 1949 eam
502 1904 782 1949 Graecorum
817 1903 1062 1950 nonnullis
1109 1904 1412 1952 consuetudi-

64 1996 172 2027 nem
198 1980 345 2027 fuisse
373 1979 601 2042 locuplete
627 1989 817 2026 auctore
835 1986 934 2043 jam
957 1980 1113 2044 palam
1138 1982 1304 2029 faciam
1313 2016 1410 2030 .....

63 2159 197 2209 tutela,
221 2160 332 2208 σῆμα,
352 2159 514 2207 σημεῖον,
537 2169 588 2195 an
607 2157 777 2207 insiyne,
797 2156 1024 2210 παράσημον.
1050 2155 1214 2196 Etenim
1231 2156 1410 2210 Etymol.

62 2217 126 2257 M.
148 2215 199 2256 ad
220 2217 421 2269 ἄφλαστον·
448 2215 604 2268 διαφέρει
629 2215 665 2254 δὲ
687 2217 756 2254 τῶν
777 2215 966 2268 κορύμὸων
980 2229 989 2238 ·
1010 2215 1172 2269 ἄφλαστα
1192 2216 1255 2268 μὲν
1272 2217 1415 2268 λέγεται

61 2276 106 2314 τὰ
127 2274 346 2328 πρυμνήσια,
371 2275 533 2327 κόρυμὸα
555 2275 599 2312 τὰ
626 2275 884 2326 πρ(ι)ρήσια,...
917 2272 997 2314 Sed
1023 2274 1176 2315 Becker
1198 2274 1240 2314 in
1268 2276 1417 2315 Chari-

61 2336 135 2375 cles
157 2334 260 2374 hene
290 2333 447 2373 monuit
470 2331 578 2387 apud
600 2338 740 2386 poetas
763 2334 930 2386 ἅφλαστα
952 2346 996 2373 ac
1013 2333 1175 2384 κόρυμὸα
1197 2332 1416 2387 aliquando

63 2406 136 2448 pro
157 2392 297 2433 eadem
332 2405 374 2432 re
400 2392 520 2446 poni;
548 2391 590 2431 in
625 2391 692 2432 his
720 2397 855 2431 autem
883 2391 1096 2446 Euripidis
1120 2391 1307 2432 versibus
1334 2405 1417 2432 non

60 2465 182 2506 posse
222 2451 386 2504 insigne
415 2449 606 2502 describi,
638 2464 766 2505 quum
803 2449 851 2490 de
884 2450 1055 2490 aliarum
1086 2449 1250 2494 navium
1289 2450 1416 2491 tutela

62 2525 84 2551 a
116 2517 220 2551 atur.

88 2524 156 2609 gl.
189 2568 248 2609 Cf.
270 2568 507 2621 Rossignol,
524 2571 686 2610 Arciszes
707 2570 972 2619 homeriques,
995 2581 1037 2622 p.
1064 2572 1113 2608 28
1134 2573 1173 2607 et
1193 2567 1296 2609 suiv.

118 2633 156 2668 2.
187 2631 281 2668 Aen.
305 2628 382 2678 III,
408 2632 499 2668 288.
517 2651 570 2658 —
586 2628 647 2669 Cf.
668 2627 829 2682 Eurip.‚
847 2629 1027 2678 Troades,
1045 2632 1142 2668 1188
1163 2639 1170 2667 :
1192 2629 1239 2667 Τὶ
1256 2626 1315 2667 καί
1331 2642 1415 2667 ποτε

0 2711 1 2716 =
63 2688 231 2740 γράψειεν
249 2686 289 2725 ἄν
312 2703 349 2726 σε
372 2686 577 2738 μουσοποιὸς
597 2689 631 2725 ἓν
653 2686 776 2740 τάφῳ;
797 2694 870 2727 ete.
