<?xml version="1.0" encoding="UTF-8"?>
<!DOCTYPE html PUBLIC "-//W3C//DTD XHTML 1.0 Transitional//EN"
    "http://www.w3.org/TR/xhtml1/DTD/xhtml1-transitional.dtd">
<html xmlns="http://www.w3.org/1999/xhtml" xml:lang="en" lang="en">
 <head>
  <title>
</title>
<meta http-equiv="Content-Type" content="text/html;charset=utf-8" />
  <meta name='ocr-system' content='tesseract 3.04.00' />
  <meta name='ocr-capabilities' content='ocr_page ocr_carea ocr_par ocr_line ocrx_word'/>
</head>
<body>
  <div class='ocr_page' id='page_1' title='image "./demorumindoleinv00bouguoft_0100.png"; bbox 0 0 1758 2903; ppageno 0'>
   <div class='ocr_carea' id='block_1_1' title="bbox 884 159 1096 196">
    <p class='ocr_par' dir='ltr' id='par_1_1' title="bbox 884 159 1096 196">
     <span class='ocr_line' id='line_1_1' title="bbox 884 159 1096 196; baseline 0 -11"><span class='ocrx_word' id='word_1_1' title='bbox 884 159 1096 196; x_wconf 75' lang='grc'>-80-</span> 
     </span>
    </p>
   </div>
   <div class='ocr_carea' id='block_1_2' title="bbox 383 243 1666 306">
    <p class='ocr_par' dir='ltr' id='par_1_2' title="bbox 383 243 1666 306">
     <span class='ocr_line' id='line_1_2' title="bbox 383 243 1666 306; baseline -0.003 -10"><span class='ocrx_word' id='word_1_2' title='bbox 383 252 503 296; x_wconf 86' lang='lat' dir='ltr'>Haec</span> <span class='ocrx_word' id='word_1_3' title='bbox 546 245 707 294; x_wconf 86' lang='lat' dir='ltr'>eadem</span> <span class='ocrx_word' id='word_1_4' title='bbox 762 244 1090 291; x_wconf 86' lang='lat' dir='ltr'>commenticia</span> <span class='ocrx_word' id='word_1_5' title='bbox 1134 244 1410 306; x_wconf 78' lang='lat' dir='ltr'><strong>antiquitas,</strong></span> <span class='ocrx_word' id='word_1_6' title='bbox 1459 243 1518 292; x_wconf 91' lang='lat' dir='ltr'>ab</span> <span class='ocrx_word' id='word_1_7' title='bbox 1566 251 1666 306; x_wconf 81' lang='lat' dir='ltr'>arte</span> 
     </span>
    </p>
   </div>
   <div class='ocr_carea' id='block_1_3' title="bbox 316 317 1743 386">
    <p class='ocr_par' dir='ltr' id='par_1_3' title="bbox 316 317 1743 386">
     <span class='ocr_line' id='line_1_3' title="bbox 316 317 1743 386; baseline -0.004 -17"><span class='ocrx_word' id='word_1_8' title='bbox 316 323 520 386; x_wconf 82' lang='lat' dir='ltr'>profecta</span> <span class='ocrx_word' id='word_1_9' title='bbox 543 330 623 366; x_wconf 84' lang='lat' dir='ltr'>aut</span> <span class='ocrx_word' id='word_1_10' title='bbox 648 319 801 382; x_wconf 86' lang='lat' dir='ltr'>potius</span> <span class='ocrx_word' id='word_1_11' title='bbox 823 333 932 364; x_wconf 89' lang='lat' dir='ltr'>cum</span> <span class='ocrx_word' id='word_1_12' title='bbox 953 326 1049 364; x_wconf 83' lang='lat' dir='ltr'>arte</span> <span class='ocrx_word' id='word_1_13' title='bbox 1069 317 1353 374; x_wconf 85' lang='lat' dir='ltr'>communiS,</span> <span class='ocrx_word' id='word_1_14' title='bbox 1377 317 1423 363; x_wconf 91' lang='lat' dir='ltr'>in</span> <span class='ocrx_word' id='word_1_15' title='bbox 1443 317 1502 363; x_wconf 84' lang='lat' dir='ltr'>iis</span> <span class='ocrx_word' id='word_1_16' title='bbox 1527 317 1663 364; x_wconf 83' lang='lat' dir='ltr'>etiam</span> <span class='ocrx_word' id='word_1_17' title='bbox 1731 342 1743 351; x_wconf 43' lang='grc' dir='ltr'><em>ι</em></span> 
     </span>
    </p>
   </div>
   <div class='ocr_carea' id='block_1_4' title="bbox 315 392 1676 2215">
    <p class='ocr_par' dir='ltr' id='par_1_4' title="bbox 315 392 1671 1454">
     <span class='ocr_line' id='line_1_4' title="bbox 315 392 1666 458; baseline -0.002 -13"><span class='ocrx_word' id='word_1_18' title='bbox 315 399 484 445; x_wconf 82' lang='lat' dir='ltr'>eminet</span> <span class='ocrx_word' id='word_1_19' title='bbox 505 411 620 458; x_wconf 88' lang='lat' dir='ltr'>quae</span> <span class='ocrx_word' id='word_1_20' title='bbox 638 393 693 440; x_wconf 86' lang='lat' dir='ltr'>ad</span> <span class='ocrx_word' id='word_1_21' title='bbox 720 393 884 440; x_wconf 88' lang='lat' dir='ltr'>heroas</span> <span class='ocrx_word' id='word_1_22' title='bbox 906 403 950 439; x_wconf 93' lang='lat' dir='ltr'>et</span> <span class='ocrx_word' id='word_1_23' title='bbox 972 392 1032 439; x_wconf 87' lang='lat' dir='ltr'>ad</span> <span class='ocrx_word' id='word_1_24' title='bbox 1066 393 1185 440; x_wconf 85' lang='lat' dir='ltr'>vitae</span> <span class='ocrx_word' id='word_1_25' title='bbox 1210 392 1428 456; x_wconf 88' lang='lat' dir='ltr'>publicae</span> <span class='ocrx_word' id='word_1_26' title='bbox 1456 394 1666 456; x_wconf 85' lang='lat' dir='ltr'>privatae</span> 
     </span>
     <span class='ocr_line' id='line_1_5' title="bbox 317 469 1663 533; baseline -0.003 -12"><span class='ocrx_word' id='word_1_27' title='bbox 317 471 678 521; x_wconf 88' lang='lat' dir='ltr'>consuetudines</span> <span class='ocrx_word' id='word_1_28' title='bbox 719 470 969 533; x_wconf 83' lang='lat' dir='ltr'><strong>pertinent.</strong></span> <span class='ocrx_word' id='word_1_29' title='bbox 1000 469 1134 525; x_wconf 89' lang='lat' dir='ltr'>Quali</span> <span class='ocrx_word' id='word_1_30' title='bbox 1170 469 1300 516; x_wconf 82' lang='lat' dir='ltr'>cultu</span> <span class='ocrx_word' id='word_1_31' title='bbox 1335 477 1474 532; x_wconf 86' lang='lat' dir='ltr'>atque</span> <span class='ocrx_word' id='word_1_32' title='bbox 1498 469 1663 518; x_wconf 84' lang='lat' dir='ltr'>habitu</span> 
     </span>
     <span class='ocr_line' id='line_1_6' title="bbox 317 542 1668 607; baseline -0.001 -13"><span class='ocrx_word' id='word_1_33' title='bbox 317 548 490 594; x_wconf 84' lang='lat' dir='ltr'>suerint</span> <span class='ocrx_word' id='word_1_34' title='bbox 523 546 764 592; x_wconf 79' lang='lat' dir='ltr'><em>Amazones</em></span> <span class='ocrx_word' id='word_1_35' title='bbox 801 543 1071 590; x_wconf 84' lang='lat' dir='ltr'>Homericae</span> <span class='ocrx_word' id='word_1_36' title='bbox 1110 543 1183 589; x_wconf 86' lang='lat' dir='ltr'>vix</span> <span class='ocrx_word' id='word_1_37' title='bbox 1227 542 1399 607; x_wconf 79' lang='lat' dir='ltr'>liquet3</span> <span class='ocrx_word' id='word_1_38' title='bbox 1451 543 1668 592; x_wconf 87' lang='lat' dir='ltr'>videntur</span> 
     </span>
     <span class='ocr_line' id='line_1_7' title="bbox 317 619 1664 684; baseline -0.001 -15"><span class='ocrx_word' id='word_1_39' title='bbox 317 632 468 669; x_wconf 88' lang='lat' dir='ltr'>tamen</span> <span class='ocrx_word' id='word_1_40' title='bbox 496 638 589 669; x_wconf 90' lang='lat' dir='ltr'>non</span> <span class='ocrx_word' id='word_1_41' title='bbox 613 620 819 668; x_wconf 88' lang='lat' dir='ltr'>multum</span> <span class='ocrx_word' id='word_1_42' title='bbox 839 619 989 667; x_wconf 91' lang='lat' dir='ltr'>cultui</span> <span class='ocrx_word' id='word_1_43' title='bbox 1010 619 1286 684; x_wconf 83' lang='lat' dir='ltr'>hahituique</span> <span class='ocrx_word' id='word_1_44' title='bbox 1318 626 1578 667; x_wconf 81' lang='lat' dir='ltr'>ceterarum</span> <span class='ocrx_word' id='word_1_45' title='bbox 1599 620 1664 668; x_wconf 81' lang='lat' dir='ltr'>fe-</span> 
     </span>
     <span class='ocr_line' id='line_1_8' title="bbox 319 696 1667 760; baseline -0.001 -14"><span class='ocrx_word' id='word_1_46' title='bbox 319 702 554 747; x_wconf 89' lang='lat' dir='ltr'>minarum</span> <span class='ocrx_word' id='word_1_47' title='bbox 578 697 830 745; x_wconf 84' lang='lat' dir='ltr'>dissimiles</span> <span class='ocrx_word' id='word_1_48' title='bbox 853 697 1019 753; x_wconf 84' lang='lat' dir='ltr'>fuisse,</span> <span class='ocrx_word' id='word_1_49' title='bbox 1037 712 1186 760; x_wconf 91' lang='lat' dir='ltr'>quum</span> <span class='ocrx_word' id='word_1_50' title='bbox 1213 702 1349 759; x_wconf 83' lang='lat' dir='ltr'>poeta</span> <span class='ocrx_word' id='word_1_51' title='bbox 1370 696 1419 759; x_wconf 83' lang='lat' dir='ltr'>in</span> <span class='ocrx_word' id='word_1_52' title='bbox 1457 696 1667 744; x_wconf 89' lang='lat' dir='ltr'>moribus</span> 
     </span>
     <span class='ocr_line' id='line_1_9' title="bbox 318 773 1666 839; baseline -0.001 -15"><span class='ocrx_word' id='word_1_53' title='bbox 318 775 639 825; x_wconf 81' lang='lat' dir='ltr'>describendis</span> <span class='ocrx_word' id='word_1_54' title='bbox 664 785 758 822; x_wconf 86' lang='lat' dir='ltr'>tam</span> <span class='ocrx_word' id='word_1_55' title='bbox 792 776 1030 839; x_wconf 78' lang='lat' dir='ltr'>copiosuS,</span> <span class='ocrx_word' id='word_1_56' title='bbox 1064 775 1140 822; x_wconf 85' lang='lat' dir='ltr'>vix</span> <span class='ocrx_word' id='word_1_57' title='bbox 1159 773 1246 822; x_wconf 82' lang='lat' dir='ltr'>hoe</span> <span class='ocrx_word' id='word_1_58' title='bbox 1264 790 1350 820; x_wconf 90' lang='lat' dir='ltr'>nos</span> <span class='ocrx_word' id='word_1_59' title='bbox 1375 782 1559 822; x_wconf 84' lang='lat' dir='ltr'>tantum</span> <span class='ocrx_word' id='word_1_60' title='bbox 1583 773 1666 822; x_wconf 87' lang='lat' dir='ltr'>do-</span> 
     </span>
     <span class='ocr_line' id='line_1_10' title="bbox 318 850 1665 916; baseline -0.003 -14"><span class='ocrx_word' id='word_1_61' title='bbox 318 862 436 910; x_wconf 85' lang='lat' dir='ltr'>ceat,</span> <span class='ocrx_word' id='word_1_62' title='bbox 485 869 562 901; x_wconf 89' lang='lat' dir='ltr'>eas</span> <span class='ocrx_word' id='word_1_63' title='bbox 608 853 789 899; x_wconf 58' lang='lat' dir='ltr'>virilem</span> <span class='ocrx_word' id='word_1_64' title='bbox 835 852 1046 900; x_wconf 84' lang='lat' dir='ltr'>animum</span> <span class='ocrx_word' id='word_1_65' title='bbox 1094 855 1145 898; x_wconf 92' lang='lat' dir='ltr'>in</span> <span class='ocrx_word' id='word_1_66' title='bbox 1196 850 1418 898; x_wconf 80' lang='lat' dir='ltr'>muliebri</span> <span class='ocrx_word' id='word_1_67' title='bbox 1469 867 1665 916; x_wconf 86' lang='lat' dir='ltr'>corpore</span> 
     </span>
     <span class='ocr_line' id='line_1_11' title="bbox 318 926 1665 995; baseline -0.002 -17"><span class='ocrx_word' id='word_1_68' title='bbox 318 932 536 995; x_wconf 83' lang='lat' dir='ltr'>gessisse.</span> <span class='ocrx_word' id='word_1_69' title='bbox 567 929 706 994; x_wconf 86' lang='lat' dir='ltr'>Apud</span> <span class='ocrx_word' id='word_1_70' title='bbox 727 928 976 992; x_wconf 74' lang='lat' dir='ltr'>Virgilium</span> <span class='ocrx_word' id='word_1_71' title='bbox 1013 945 1138 988; x_wconf 92' lang='lat' dir='ltr'>vero,</span> <span class='ocrx_word' id='word_1_72' title='bbox 1171 945 1265 975; x_wconf 91' lang='lat' dir='ltr'>uno</span> <span class='ocrx_word' id='word_1_73' title='bbox 1301 927 1444 976; x_wconf 88' lang='lat' dir='ltr'>latere</span> <span class='ocrx_word' id='word_1_74' title='bbox 1472 926 1665 987; x_wconf 81' lang='lat' dir='ltr'>nudato,</span> 
     </span>
     <span class='ocr_line' id='line_1_12' title="bbox 321 1004 1668 1069; baseline -0.002 -14"><span class='ocrx_word' id='word_1_75' title='bbox 321 1009 471 1055; x_wconf 87' lang='lat' dir='ltr'>securi</span> <span class='ocrx_word' id='word_1_76' title='bbox 515 1016 721 1053; x_wconf 83' lang='lat' dir='ltr'>armatae</span> <span class='ocrx_word' id='word_1_77' title='bbox 762 1004 1122 1068; x_wconf 75' lang='lat' dir='ltr'>ingrediuntu13</span> <span class='ocrx_word' id='word_1_78' title='bbox 1162 1004 1288 1052; x_wconf 82' lang='lat' dir='ltr'>unde</span> <span class='ocrx_word' id='word_1_79' title='bbox 1332 1005 1420 1051; x_wconf 91' lang='lat' dir='ltr'>hoc</span> <span class='ocrx_word' id='word_1_80' title='bbox 1467 1006 1668 1069; x_wconf 82' lang='lat' dir='ltr'>petitum</span> 
     </span>
     <span class='ocr_line' id='line_1_13' title="bbox 320 1082 1669 1141; baseline -0.002 -9"><span class='ocrx_word' id='word_1_81' title='bbox 320 1086 412 1132; x_wconf 89' lang='lat' dir='ltr'>nisi</span> <span class='ocrx_word' id='word_1_82' title='bbox 439 1085 497 1131; x_wconf 88' lang='lat' dir='ltr'>ab</span> <span class='ocrx_word' id='word_1_83' title='bbox 518 1084 751 1131; x_wconf 81' lang='lat' dir='ltr'>artificum</span> <span class='ocrx_word' id='word_1_84' title='bbox 771 1092 981 1130; x_wconf 84' lang='lat' dir='ltr'>veterum</span> <span class='ocrx_word' id='word_1_85' title='bbox 1000 1082 1200 1130; x_wconf 88' lang='lat' dir='ltr'>solemni</span> <span class='ocrx_word' id='word_1_86' title='bbox 1217 1084 1388 1141; x_wconf 74' lang='lat' dir='ltr'>more&#39;,</span> <span class='ocrx_word' id='word_1_87' title='bbox 1414 1083 1501 1128; x_wconf 91' lang='lat' dir='ltr'>nisi</span> <span class='ocrx_word' id='word_1_88' title='bbox 1529 1082 1669 1129; x_wconf 87' lang='lat' dir='ltr'>malis</span> 
     </span>
     <span class='ocr_line' id='line_1_14' title="bbox 319 1159 1669 1222; baseline -0.001 -14"><span class='ocrx_word' id='word_1_89' title='bbox 319 1161 520 1208; x_wconf 83' lang='lat' dir='ltr'>artifices</span> <span class='ocrx_word' id='word_1_90' title='bbox 547 1176 687 1206; x_wconf 87' lang='lat' dir='ltr'>suum</span> <span class='ocrx_word' id='word_1_91' title='bbox 719 1175 744 1205; x_wconf 83' lang='lat' dir='ltr'>a</span> <span class='ocrx_word' id='word_1_92' title='bbox 773 1160 919 1221; x_wconf 85' lang='lat' dir='ltr'>poetis</span> <span class='ocrx_word' id='word_1_93' title='bbox 950 1175 1126 1206; x_wconf 83' lang='lat' dir='ltr'>morem</span> <span class='ocrx_word' id='word_1_94' title='bbox 1157 1159 1377 1222; x_wconf 81' lang='lat' dir='ltr'>petiisse?</span> <span class='ocrx_word' id='word_1_95' title='bbox 1404 1160 1669 1222; x_wconf 82' lang='lat' dir='ltr'>Utcumque</span> 
     </span>
     <span class='ocr_line' id='line_1_15' title="bbox 321 1235 1668 1299; baseline 0 -17"><span class='ocrx_word' id='word_1_96' title='bbox 321 1253 430 1283; x_wconf 85' lang='lat' dir='ltr'>vero</span> <span class='ocrx_word' id='word_1_97' title='bbox 481 1252 530 1299; x_wconf 83' lang='lat' dir='ltr'>se</span> <span class='ocrx_word' id='word_1_98' title='bbox 581 1252 655 1283; x_wconf 82' lang='lat' dir='ltr'>res</span> <span class='ocrx_word' id='word_1_99' title='bbox 688 1235 845 1294; x_wconf 61' lang='lat' dir='ltr'>haber,</span> <span class='ocrx_word' id='word_1_100' title='bbox 882 1235 1127 1299; x_wconf 78' lang='lat' dir='ltr'>Virgilius,</span> <span class='ocrx_word' id='word_1_101' title='bbox 1176 1235 1289 1281; x_wconf 87' lang='lat' dir='ltr'>dum</span> <span class='ocrx_word' id='word_1_102' title='bbox 1339 1236 1668 1299; x_wconf 87' lang='lat' dir='ltr'>antiquitatem</span> 
     </span>
     <span class='ocr_line' id='line_1_16' title="bbox 321 1310 1671 1370; baseline 0 -11"><span class='ocrx_word' id='word_1_103' title='bbox 321 1328 496 1359; x_wconf 84' lang='lat' dir='ltr'>meram</span> <span class='ocrx_word' id='word_1_104' title='bbox 525 1329 576 1359; x_wconf 86' lang='lat' dir='ltr'>ac</span> <span class='ocrx_word' id='word_1_105' title='bbox 611 1328 768 1359; x_wconf 78' lang='lat' dir='ltr'>veram</span> <span class='ocrx_word' id='word_1_106' title='bbox 808 1311 996 1370; x_wconf 84' lang='lat' dir='ltr'>deserit,</span> <span class='ocrx_word' id='word_1_107' title='bbox 1038 1311 1212 1369; x_wconf 85' lang='lat' dir='ltr'>fictam,</span> <span class='ocrx_word' id='word_1_108' title='bbox 1255 1310 1335 1358; x_wconf 89' lang='lat' dir='ltr'>sed</span> <span class='ocrx_word' id='word_1_109' title='bbox 1371 1311 1593 1358; x_wconf 84' lang='lat' dir='ltr'>usitatam</span> <span class='ocrx_word' id='word_1_110' title='bbox 1625 1320 1671 1359; x_wconf 88' lang='lat' dir='ltr'>et</span> 
     </span>
     <span class='ocr_line' id='line_1_17' title="bbox 322 1388 1417 1454; baseline -0.001 -18"><span class='ocrx_word' id='word_1_111' title='bbox 322 1406 405 1454; x_wconf 89' lang='lat' dir='ltr'>pro</span> <span class='ocrx_word' id='word_1_112' title='bbox 427 1389 924 1453; x_wconf 83' lang='lat' dir='ltr'>genuinajamdudum</span> <span class='ocrx_word' id='word_1_113' title='bbox 953 1388 1160 1435; x_wconf 82' lang='lat' dir='ltr'>habitam</span> <span class='ocrx_word' id='word_1_114' title='bbox 1186 1390 1417 1449; x_wconf 84' lang='lat' dir='ltr'>sequitur.</span> 
     </span>
    </p>

    <p class='ocr_par' dir='ltr' id='par_1_5' title="bbox 321 1464 1676 2215">
     <span class='ocr_line' id='line_1_18' title="bbox 385 1464 1669 1529; baseline -0.003 -15"><span class='ocrx_word' id='word_1_115' title='bbox 385 1469 485 1514; x_wconf 86' lang='lat' dir='ltr'>Jam</span> <span class='ocrx_word' id='word_1_116' title='bbox 519 1464 723 1512; x_wconf 85' lang='lat' dir='ltr'>vidimus</span> <span class='ocrx_word' id='word_1_117' title='bbox 758 1465 885 1529; x_wconf 88' lang='lat' dir='ltr'>apud</span> <span class='ocrx_word' id='word_1_118' title='bbox 925 1465 1202 1528; x_wconf 68' lang='lat' dir='ltr'>Euripidem</span> <span class='ocrx_word' id='word_1_119' title='bbox 1237 1467 1437 1512; x_wconf 80' lang='lat' dir='ltr'>Hectoris</span> <span class='ocrx_word' id='word_1_120' title='bbox 1475 1480 1669 1528; x_wconf 88' lang='lat' dir='ltr'>corpus,</span> 
     </span>
     <span class='ocr_line' id='line_1_19' title="bbox 324 1541 1670 1605; baseline 0.001 -18"><span class='ocrx_word' id='word_1_121' title='bbox 324 1557 415 1589; x_wconf 85' lang='lat' dir='ltr'>non</span> <span class='ocrx_word' id='word_1_122' title='bbox 453 1543 575 1589; x_wconf 82' lang='lat' dir='ltr'>circa</span> <span class='ocrx_word' id='word_1_123' title='bbox 608 1543 804 1589; x_wconf 84' lang='lat' dir='ltr'>Patrocli</span> <span class='ocrx_word' id='word_1_124' title='bbox 837 1559 1023 1605; x_wconf 72' lang='lat' dir='ltr'>pyram,</span> <span class='ocrx_word' id='word_1_125' title='bbox 1057 1558 1223 1589; x_wconf 88' lang='lat' dir='ltr'>verum</span> <span class='ocrx_word' id='word_1_126' title='bbox 1253 1543 1376 1589; x_wconf 88' lang='lat' dir='ltr'>circa</span> <span class='ocrx_word' id='word_1_127' title='bbox 1403 1541 1476 1588; x_wconf 89' lang='lat' dir='ltr'>Ilii</span> <span class='ocrx_word' id='word_1_128' title='bbox 1505 1557 1670 1588; x_wconf 84' lang='lat' dir='ltr'>muros</span> 
     </span>
     <span class='ocr_line' id='line_1_20' title="bbox 323 1617 1669 1681; baseline -0.001 -16"><span class='ocrx_word' id='word_1_129' title='bbox 323 1626 556 1681; x_wconf 83' lang='lat' dir='ltr'>raptatum</span> <span class='ocrx_word' id='word_1_130' title='bbox 586 1617 756 1672; x_wconf 74' lang='lat' dir='ltr'>fuisse3</span> <span class='ocrx_word' id='word_1_131' title='bbox 793 1633 931 1677; x_wconf 70' lang='lat' dir='ltr'>quem</span> <span class='ocrx_word' id='word_1_132' title='bbox 967 1624 1148 1679; x_wconf 81' lang='lat' dir='ltr'>poetam</span> <span class='ocrx_word' id='word_1_133' title='bbox 1174 1617 1403 1680; x_wconf 79' lang='lat' dir='ltr'>Virgilius</span> <span class='ocrx_word' id='word_1_134' title='bbox 1437 1617 1669 1674; x_wconf 84' lang='lat' dir='ltr'>imitatur,</span> 
     </span>
     <span class='ocr_line' id='line_1_21' title="bbox 324 1692 1672 1757; baseline -0.001 -16"><span class='ocrx_word' id='word_1_135' title='bbox 324 1695 415 1741; x_wconf 91' lang='lat' dir='ltr'>nisi</span> <span class='ocrx_word' id='word_1_136' title='bbox 442 1702 595 1740; x_wconf 78' lang='lat' dir='ltr'>tamen</span> <span class='ocrx_word' id='word_1_137' title='bbox 616 1694 673 1739; x_wconf 80' lang='lat' dir='ltr'>ad</span> <span class='ocrx_word' id='word_1_138' title='bbox 698 1694 902 1757; x_wconf 77' lang='lat' dir='ltr'>picturas</span> <span class='ocrx_word' id='word_1_139' title='bbox 927 1701 1009 1739; x_wconf 87' lang='lat' dir='ltr'>aut</span> <span class='ocrx_word' id='word_1_140' title='bbox 1035 1692 1298 1756; x_wconf 83' lang='lat' dir='ltr'>anaglypha</span> <span class='ocrx_word' id='word_1_141' title='bbox 1321 1692 1553 1756; x_wconf 84' lang='lat' dir='ltr'>quaedam</span> <span class='ocrx_word' id='word_1_142' title='bbox 1577 1707 1672 1739; x_wconf 87' lang='lat' dir='ltr'>res·</span> 
     </span>
     <span class='ocr_line' id='line_1_22' title="bbox 322 1769 1674 1834; baseline -0.001 -17"><span class='ocrx_word' id='word_1_143' title='bbox 322 1771 653 1834; x_wconf 78' lang='lat' dir='ltr'>pexerit3nam</span> <span class='ocrx_word' id='word_1_144' title='bbox 681 1771 771 1816; x_wconf 80' lang='lat' dir='ltr'>fere</span> <span class='ocrx_word' id='word_1_145' title='bbox 791 1770 838 1815; x_wconf 84' lang='lat' dir='ltr'>iu</span> <span class='ocrx_word' id='word_1_146' title='bbox 865 1769 1088 1816; x_wconf 89' lang='lat' dir='ltr'>omuibus</span> <span class='ocrx_word' id='word_1_147' title='bbox 1113 1770 1237 1816; x_wconf 88' lang='lat' dir='ltr'>vasis</span> <span class='ocrx_word' id='word_1_148' title='bbox 1259 1770 1572 1833; x_wconf 85' lang='lat' dir='ltr'>gemmisque,</span> <span class='ocrx_word' id='word_1_149' title='bbox 1595 1784 1674 1816; x_wconf 88' lang='lat' dir='ltr'>ce-</span> 
     </span>
     <span class='ocr_line' id='line_1_23' title="bbox 323 1845 1676 1909; baseline -0.001 -17"><span class='ocrx_word' id='word_1_150' title='bbox 323 1847 435 1892; x_wconf 81' lang='lat' dir='ltr'>teris</span> <span class='ocrx_word' id='word_1_151' title='bbox 450 1846 562 1892; x_wconf 88' lang='lat' dir='ltr'>artis</span> <span class='ocrx_word' id='word_1_152' title='bbox 578 1845 796 1909; x_wconf 87' lang='lat' dir='ltr'>operibus</span> <span class='ocrx_word' id='word_1_153' title='bbox 812 1861 928 1908; x_wconf 89' lang='lat' dir='ltr'>quae</span> <span class='ocrx_word' id='word_1_154' title='bbox 940 1846 1162 1892; x_wconf 89' lang='lat' dir='ltr'>Romanis</span> <span class='ocrx_word' id='word_1_155' title='bbox 1177 1845 1469 1909; x_wconf 84' lang='lat' dir='ltr'>temporibus</span> <span class='ocrx_word' id='word_1_156' title='bbox 1486 1845 1676 1892; x_wconf 86' lang='lat' dir='ltr'>fuerunt</span> 
     </span>
     <span class='ocr_line' id='line_1_24' title="bbox 321 1920 1675 1982; baseline -0.001 -14"><span class='ocrx_word' id='word_1_157' title='bbox 321 1922 459 1980; x_wconf 86' lang='lat' dir='ltr'>facta,</span> <span class='ocrx_word' id='word_1_158' title='bbox 484 1923 640 1969; x_wconf 85' lang='lat' dir='ltr'>videre</span> <span class='ocrx_word' id='word_1_159' title='bbox 665 1930 736 1968; x_wconf 82' lang='lat' dir='ltr'>est</span> <span class='ocrx_word' id='word_1_160' title='bbox 762 1922 926 1968; x_wconf 89' lang='lat' dir='ltr'>currui</span> <span class='ocrx_word' id='word_1_161' title='bbox 959 1921 1241 1968; x_wconf 87' lang='lat' dir='ltr'>insidentem</span> <span class='ocrx_word' id='word_1_162' title='bbox 1275 1921 1530 1982; x_wconf 89' lang='lat' dir='ltr'>Achillem,</span> <span class='ocrx_word' id='word_1_163' title='bbox 1570 1920 1675 1968; x_wconf 87' lang='lat' dir='ltr'>alti-</span> 
     </span>
     <span class='ocr_line' id='line_1_25' title="bbox 323 1997 1674 2062; baseline -0.001 -17"><span class='ocrx_word' id='word_1_164' title='bbox 323 2007 484 2062; x_wconf 79' lang='lat' dir='ltr'>gatum</span> <span class='ocrx_word' id='word_1_165' title='bbox 501 1999 586 2045; x_wconf 90' lang='lat' dir='ltr'>viri</span> <span class='ocrx_word' id='word_1_166' title='bbox 611 2014 780 2060; x_wconf 86' lang='lat' dir='ltr'>corpus</span> <span class='ocrx_word' id='word_1_167' title='bbox 806 2000 887 2060; x_wconf 83' lang='lat' dir='ltr'>qui</span> <span class='ocrx_word' id='word_1_168' title='bbox 918 2006 1089 2044; x_wconf 85' lang='lat' dir='ltr'>terram</span> <span class='ocrx_word' id='word_1_169' title='bbox 1122 1997 1312 2061; x_wconf 85' lang='lat' dir='ltr'>capillis</span> <span class='ocrx_word' id='word_1_170' title='bbox 1346 2007 1524 2056; x_wconf 84' lang='lat' dir='ltr'>verrat;</span> <span class='ocrx_word' id='word_1_171' title='bbox 1554 2011 1674 2060; x_wconf 84' lang='lat' dir='ltr'>pone</span> 
     </span>
     <span class='ocr_line' id='line_1_26' title="bbox 324 2073 1676 2138; baseline -0.001 -16"><span class='ocrx_word' id='word_1_172' title='bbox 324 2084 479 2123; x_wconf 86' lang='lat' dir='ltr'>autem</span> <span class='ocrx_word' id='word_1_173' title='bbox 515 2083 698 2121; x_wconf 85' lang='lat' dir='ltr'>exstant</span> <span class='ocrx_word' id='word_1_174' title='bbox 728 2075 914 2121; x_wconf 85' lang='lat' dir='ltr'>moenia</span> <span class='ocrx_word' id='word_1_175' title='bbox 947 2090 1066 2137; x_wconf 89' lang='lat' dir='ltr'>quae</span> <span class='ocrx_word' id='word_1_176' title='bbox 1099 2090 1192 2120; x_wconf 89' lang='lat' dir='ltr'>non</span> <span class='ocrx_word' id='word_1_177' title='bbox 1233 2074 1329 2121; x_wconf 91' lang='lat' dir='ltr'>nisi</span> <span class='ocrx_word' id='word_1_178' title='bbox 1360 2076 1558 2138; x_wconf 84' lang='lat' dir='ltr'>Trojana</span> <span class='ocrx_word' id='word_1_179' title='bbox 1590 2073 1676 2120; x_wconf 87' lang='lat' dir='ltr'>ha-</span> 
     </span>
     <span class='ocr_line' id='line_1_27' title="bbox 325 2152 707 2215; baseline -0.003 -16"><span class='ocrx_word' id='word_1_180' title='bbox 325 2152 429 2199; x_wconf 86' lang='lat' dir='ltr'>beri</span> <span class='ocrx_word' id='word_1_181' title='bbox 457 2159 657 2215; x_wconf 84' lang='lat' dir='ltr'>possunt</span> <span class='ocrx_word' id='word_1_182' title='bbox 680 2153 707 2198; x_wconf 82' lang='lat'>².</span> 
     </span>
    </p>
   </div>
   <div class='ocr_carea' id='block_1_5' title="bbox 326 2295 1679 2527">
    <p class='ocr_par' dir='ltr' id='par_1_6' title="bbox 326 2295 1679 2527">
     <span class='ocr_line' id='line_1_28' title="bbox 328 2295 1679 2351; baseline -0.001 -13"><span class='ocrx_word' id='word_1_183' title='bbox 328 2296 403 2338; x_wconf 88' lang='lat' dir='ltr'>elle</span> <span class='ocrx_word' id='word_1_184' title='bbox 424 2311 466 2337; x_wconf 88' lang='lat' dir='ltr'>se</span> <span class='ocrx_word' id='word_1_185' title='bbox 492 2296 626 2337; x_wconf 78' lang='lat' dir='ltr'>reduit</span> <span class='ocrx_word' id='word_1_186' title='bbox 646 2298 668 2336; x_wconf 79' lang='grc' dir='ltr'>ὲ</span> <span class='ocrx_word' id='word_1_187' title='bbox 688 2311 767 2337; x_wconf 90' lang='lat' dir='ltr'>une</span> <span class='ocrx_word' id='word_1_188' title='bbox 793 2295 925 2336; x_wconf 87' lang='lat' dir='ltr'>bande</span> <span class='ocrx_word' id='word_1_189' title='bbox 957 2296 1097 2336; x_wconf 77' lang='lat' dir='ltr'>etroite</span> <span class='ocrx_word' id='word_1_190' title='bbox 1125 2296 1269 2351; x_wconf 76' lang='lat' dir='ltr'>passee</span> <span class='ocrx_word' id='word_1_191' title='bbox 1299 2310 1348 2336; x_wconf 90' lang='lat' dir='ltr'>en</span> <span class='ocrx_word' id='word_1_192' title='bbox 1376 2302 1529 2336; x_wconf 82' lang='lat' dir='ltr'>travers</span> <span class='ocrx_word' id='word_1_193' title='bbox 1561 2295 1611 2337; x_wconf 87' lang='lat' dir='ltr'>de</span> <span class='ocrx_word' id='word_1_194' title='bbox 1637 2295 1679 2337; x_wconf 86' lang='lat' dir='ltr'>la</span> 
     </span>
     <span class='ocr_line' id='line_1_29' title="bbox 326 2354 1675 2411; baseline 0 -15"><span class='ocrx_word' id='word_1_195' title='bbox 326 2355 502 2411; x_wconf 89' lang='lat' dir='ltr'>poitrine</span> <span class='ocrx_word' id='word_1_196' title='bbox 539 2370 693 2397; x_wconf 90' lang='lat' dir='ltr'>comme</span> <span class='ocrx_word' id='word_1_197' title='bbox 722 2370 801 2396; x_wconf 91' lang='lat' dir='ltr'>une</span> <span class='ocrx_word' id='word_1_198' title='bbox 837 2355 1028 2410; x_wconf 79' lang='lat' dir='ltr'>echarpe3</span> <span class='ocrx_word' id='word_1_199' title='bbox 1060 2369 1111 2395; x_wconf 90' lang='lat' dir='ltr'>ou</span> <span class='ocrx_word' id='word_1_200' title='bbox 1138 2355 1234 2394; x_wconf 85' lang='lat' dir='ltr'>bien</span> <span class='ocrx_word' id='word_1_201' title='bbox 1270 2354 1347 2395; x_wconf 90' lang='lat' dir='ltr'>elle</span> <span class='ocrx_word' id='word_1_202' title='bbox 1373 2369 1396 2395; x_wconf 91' lang='lat' dir='ltr'>a</span> <span class='ocrx_word' id='word_1_203' title='bbox 1421 2355 1675 2409; x_wconf 82' lang='lat' dir='ltr'>l’apparence</span> 
     </span>
     <span class='ocr_line' id='line_1_30' title="bbox 327 2413 1678 2468; baseline 0 -14"><span class='ocrx_word' id='word_1_204' title='bbox 327 2415 448 2455; x_wconf 86' lang='lat' dir='ltr'>d&#39;une</span> <span class='ocrx_word' id='word_1_205' title='bbox 469 2415 648 2455; x_wconf 87' lang='lat' dir='ltr'>cuirasse</span> <span class='ocrx_word' id='word_1_206' title='bbox 667 2421 877 2456; x_wconf 83' lang='lat' dir='ltr'>enserrant</span> <span class='ocrx_word' id='word_1_207' title='bbox 900 2414 936 2454; x_wconf 90' lang='lat' dir='ltr'>le</span> <span class='ocrx_word' id='word_1_208' title='bbox 957 2415 1092 2466; x_wconf 81' lang='lat' dir='ltr'>buste,</span> <span class='ocrx_word' id='word_1_209' title='bbox 1118 2414 1213 2468; x_wconf 90' lang='lat' dir='ltr'>plus</span> <span class='ocrx_word' id='word_1_210' title='bbox 1246 2413 1563 2454; x_wconf 86' lang='lat' dir='ltr'>ordinairement</span> <span class='ocrx_word' id='word_1_211' title='bbox 1584 2427 1678 2455; x_wconf 88' lang='lat' dir='ltr'>eon-</span> 
     </span>
     <span class='ocr_line' id='line_1_31' title="bbox 328 2472 1678 2527; baseline 0.001 -14"><span class='ocrx_word' id='word_1_212' title='bbox 328 2473 474 2513; x_wconf 82' lang='lat' dir='ltr'>sistant</span> <span class='ocrx_word' id='word_1_213' title='bbox 494 2488 544 2514; x_wconf 89' lang='lat' dir='ltr'>en</span> <span class='ocrx_word' id='word_1_214' title='bbox 560 2472 663 2513; x_wconf 91' lang='lat' dir='ltr'>deux</span> <span class='ocrx_word' id='word_1_215' title='bbox 692 2481 907 2527; x_wconf 84' lang='lat' dir='ltr'>pectoraux</span> <span class='ocrx_word' id='word_1_216' title='bbox 928 2472 1065 2512; x_wconf 80' lang='lat' dir='ltr'>reunis</span> <span class='ocrx_word' id='word_1_217' title='bbox 1086 2487 1156 2526; x_wconf 89' lang='lat' dir='ltr'>par</span> <span class='ocrx_word' id='word_1_218' title='bbox 1177 2472 1217 2512; x_wconf 89' lang='lat' dir='ltr'>la</span> <span class='ocrx_word' id='word_1_219' title='bbox 1242 2476 1321 2514; x_wconf 74' lang='lat' dir='ltr'>tete</span> <span class='ocrx_word' id='word_1_220' title='bbox 1339 2473 1387 2513; x_wconf 90' lang='lat' dir='ltr'>de</span> <span class='ocrx_word' id='word_1_221' title='bbox 1412 2472 1600 2515; x_wconf 68' lang='lat' dir='ltr'>Medusa.</span> <span class='ocrx_word' id='word_1_222' title='bbox 1624 2496 1678 2504; x_wconf 91' lang='lat'>—</span> 
     </span>
    </p>
   </div>
   <div class='ocr_carea' id='block_1_6' title="bbox 330 2531 1747 2587">
    <p class='ocr_par' dir='ltr' id='par_1_7' title="bbox 330 2531 1747 2587">
     <span class='ocr_line' id='line_1_32' title="bbox 330 2531 1747 2587; baseline 0.001 -16"><span class='ocrx_word' id='word_1_223' title='bbox 330 2532 523 2582; x_wconf 82' lang='lat' dir='ltr'>Quamvis</span> <span class='ocrx_word' id='word_1_224' title='bbox 546 2532 700 2587; x_wconf 82' lang='lat' dir='ltr'>aliquid</span> <span class='ocrx_word' id='word_1_225' title='bbox 722 2539 827 2571; x_wconf 85' lang='lat' dir='ltr'>mter</span> <span class='ocrx_word' id='word_1_226' title='bbox 846 2531 937 2571; x_wconf 88' lang='lat' dir='ltr'>illas</span> <span class='ocrx_word' id='word_1_227' title='bbox 960 2531 1109 2571; x_wconf 84' lang='lat' dir='ltr'>formas</span> <span class='ocrx_word' id='word_1_228' title='bbox 1130 2531 1307 2583; x_wconf 85' lang='lat' dir='ltr'>intersit,</span> <span class='ocrx_word' id='word_1_229' title='bbox 1336 2538 1471 2587; x_wconf 89' lang='lat' dir='ltr'>potest</span> <span class='ocrx_word' id='word_1_230' title='bbox 1492 2531 1591 2572; x_wconf 84' lang='lat' dir='ltr'>haec</span> <span class='ocrx_word' id='word_1_231' title='bbox 1609 2538 1678 2572; x_wconf 86' lang='lat' dir='ltr'>aut</span> <span class='ocrx_word' id='word_1_232' title='bbox 1742 2547 1747 2553; x_wconf 91' lang='lat'><strong>·</strong></span> 
     </span>
    </p>
   </div>
   <div class='ocr_carea' id='block_1_7' title="bbox 330 2589 1680 2763">
    <p class='ocr_par' dir='ltr' id='par_1_8' title="bbox 330 2589 1680 2763">
     <span class='ocr_line' id='line_1_33' title="bbox 330 2589 1044 2643; baseline 0.001 -13"><span class='ocrx_word' id='word_1_233' title='bbox 330 2591 400 2631; x_wconf 87' lang='lat' dir='ltr'>illa</span> <span class='ocrx_word' id='word_1_234' title='bbox 418 2591 602 2631; x_wconf 83' lang='lat' dir='ltr'>versibus</span> <span class='ocrx_word' id='word_1_235' title='bbox 622 2590 785 2643; x_wconf 83' lang='lat' dir='ltr'>Virgilii</span> <span class='ocrx_word' id='word_1_236' title='bbox 808 2589 1044 2643; x_wconf 77' lang='lat' dir='ltr'>significari.</span> 
     </span>
     <span class='ocr_line' id='line_1_34' title="bbox 391 2650 1406 2703; baseline 0 -13"><span class='ocrx_word' id='word_1_237' title='bbox 391 2656 421 2691; x_wconf 91' lang='lat' dir='ltr'>l.</span> <span class='ocrx_word' id='word_1_238' title='bbox 450 2650 507 2690; x_wconf 80' lang='lat' dir='ltr'>Cf.</span> <span class='ocrx_word' id='word_1_239' title='bbox 533 2650 685 2703; x_wconf 77' lang='lat' dir='ltr'>Saglio,</span> <span class='ocrx_word' id='word_1_240' title='bbox 705 2652 786 2690; x_wconf 66' lang='lat' dir='ltr'>Dice</span> <span class='ocrx_word' id='word_1_241' title='bbox 823 2653 886 2690; x_wconf 77' lang='lat' dir='ltr'>des</span> <span class='ocrx_word' id='word_1_242' title='bbox 904 2652 1048 2701; x_wconf 66' lang='lat' dir='ltr'>Antiq.²</span> <span class='ocrx_word' id='word_1_243' title='bbox 1075 2656 1149 2689; x_wconf 72' lang='lat' dir='ltr'>art.</span> <span class='ocrx_word' id='word_1_244' title='bbox 1170 2652 1406 2690; x_wconf 76' lang='lat' dir='ltr'>Amazones.</span> 
     </span>
     <span class='ocr_line' id='line_1_35' title="bbox 386 2707 1680 2763; baseline -0.001 -15"><span class='ocrx_word' id='word_1_245' title='bbox 386 2716 423 2748; x_wconf 79' lang='grc'>2.</span> <span class='ocrx_word' id='word_1_246' title='bbox 455 2708 514 2751; x_wconf 87' lang='lat' dir='ltr'>Cf.</span> <span class='ocrx_word' id='word_1_247' title='bbox 532 2708 660 2750; x_wconf 79' lang='lat' dir='ltr'>Raoul</span> <span class='ocrx_word' id='word_1_248' title='bbox 678 2709 886 2761; x_wconf 83' lang='lat' dir='ltr'>Roehette,</span> <span class='ocrx_word' id='word_1_249' title='bbox 910 2711 1080 2750; x_wconf 60' lang='lat' dir='ltr'>⁴llommz.</span> <span class='ocrx_word' id='word_1_250' title='bbox 1102 2713 1254 2761; x_wconf 66' lang='lat' dir='ltr'>inediis,</span> <span class='ocrx_word' id='word_1_251' title='bbox 1271 2723 1312 2763; x_wconf 88' lang='lat' dir='ltr'>p.</span> <span class='ocrx_word' id='word_1_252' title='bbox 1326 2712 1417 2760; x_wconf 83' lang='lat'><strong>280,</strong></span> <span class='ocrx_word' id='word_1_253' title='bbox 1436 2707 1509 2750; x_wconf 92' lang='lat' dir='ltr'>ubi</span> <span class='ocrx_word' id='word_1_254' title='bbox 1529 2707 1680 2749; x_wconf 87' lang='lat' dir='ltr'>descri-</span> 
     </span>
    </p>
   </div>
  </div>
 </body>
</html>
