1758 2903
627 119 866 158 -103—

73 223 191 270 quae
214 209 422 255 Romana
444 214 643 270 possunt
661 205 832 263 videri,
861 203 944 253 sed
965 206 1014 252 in
1035 205 1096 253 iis
1116 203 1422 269 quoque'des-

71 280 308 327 cribendis
346 279 470 326 ultro
496 281 795 342 acquiescere
821 296 942 343 quae
967 279 1022 327 de
1052 279 1246 326 heroum
1276 278 1417 325 mori-

72 357 162 403 bus
188 365 323 420 atque
360 356 666 419 opinionibus
687 357 744 403 ab
779 357 985 419 antiquis
1009 357 1224 403 Graeciae
1252 356 1417 419 poetis,

77 432 356 495 praesertim
383 432 441 478 ab
466 433 682 489 Homero,
705 431 988 479 ferebantur.
1017 433 1136 494 Ergo
1160 432 1315 479 Servio
1341 448 1418 479 as-

74 509 237 555 sentiri
264 524 518 572 possumus
536 508 705 555 dicenti
735 523 746 555 2
771 527 793 553 ((
817 511 956 556 Totus
976 508 1166 570 quidem
1194 509 1422 571 Virgilius

73 585 265 632 scientia
299 584 465 648 plenus
499 595 606 632 est:
637 586 684 630 in
719 600 810 648 qua
841 584 915 631 hic
956 585 1073 632 liber
1108 585 1419 648 principatum

72 661 269 720 obtinet,
298 664 424 722 cujus
445 678 505 708 em
530 664 714 709 Homero
733 677 842 722 pars
865 664 1009 722 ‘'najor
1029 669 1089 708 est
1111 679 1155 708 )>.

139 739 269 793 Quae
292 738 410 784 ratio
429 754 501 784 res
521 738 673 784 varias
697 754 748 783 ac
770 737 976 783 diversas
999 737 1226 784 miscendi
1246 742 1421 800 jucun·

72 812 215 860 ditate
239 813 444 877 quadam
471 814 693 876 peculiari
728 815 819 860 Vlll
860 814 1096 860 Aeneidos
1124 814 1299 860 librum
1329 831 1420 877 quo

73 899 288 936 narratur
313 891 468 936 Aenea
502 898 547 936 et
575 890 777 936 Evandri
803 899 1077 948 conventus,
1117 889 1304 936 videtur
1345 906 1421 936 as-

73 981 280 1027 pergere.
311 968 487 1013 Omitto
528 969 646 1013 ritus
686 981 927 1012 sacrorum
962 981 1082 1027 quae
1121 965 1179 1012 ab
1203 965 1419 1012 Evandro

70 1041 388 1100 celebrantur3
422 1059 574 1106 neque
597 1044 719 1089 enirn
756 1059 831 1089 res
855 1043 903 1089 in
929 1043 1111 1106 integro
1141 1052 1266 1101 erat3
1292 1042 1421 1089 sabu-

71 1117 165 1164 lam
191 1119 405 1180 sequitur
428 1128 472 1166 et
491 1120 625 1183 sequi
655 1120 840 1182 cogitur
863 1128 1014 1183 poeta,
1042 1135 1160 1182 quae
1183 1124 1279 1183 jam
1303 1118 1419 1166 duo-

72 1209 179 1241 rum
207 1196 478 1253 numinum,
516 1196 707 1242 alterius
749 1196 920 1252 Latini,
949 1195 1139 1243 alterius
1164 1196 1346 1252 Graeci,
1376 1204 1421 1243 et

74 1270 192 1317 facta
221 1280 266 1317 et
297 1272 613 1318 caeremonias
659 1272 722 1318 iia
758 1272 1012 1319 miscuerat
1034 1282 1086 1319 ut
1114 1272 1227 1335 quid
1257 1273 1419 1319 oriun-

73 1346 187 1394 dum
213 1349 274 1394 sit
300 1364 354 1395 ex
376 1347 705 1411 indigenarum
736 1348 980 1412 religione,
1012 1349 1130 1412 quid
1159 1350 1220 1395 sit
1244 1349 1418 1395 adven-

76 1424 235 1471 ticium
265 1441 357 1472 non
386 1426 576 1472 omnino
602 1425 794 1488 liqueat.
817 1427 991 1472 Omitto
1034 1435 1078 1473 et
1106 1426 1315 1473 locorum
1341 1425 1419 1473 de-

76 1501 398 1564 scriptionem,
429 1518 575 1564 quum
611 1503 735 1549 inter
768 1504 938 1549 Romae
976 1501 1227 1560 cunabula,
1269 1508 1322 1549 ut
1354 1503 1421 1550 ita

78 1575 248 1637 dicam,
276 1594 536 1637 versemur,
563 1595 648 1626 nec
670 1588 830 1643 posset
853 1592 1004 1642 poeta,
1027 1589 1206 1642 praeter
1227 1582 1420 1626 nomina

78 1656 296 1713 Romana,
314 1654 575 1718 quidquam
601 1654 731 1702 aliud
747 1657 927 1702 afferte,
953 1657 1123 1703 Verum
1148 1672 1295 1719 quum
1316 1655 1420 1703 Pal·

78 1731 141 1777 las
163 1747 295 1779 sacra
319 1734 479 1794 rumpi
501 1740 640 1792 vetat,
669 1733 774 1779 licet
794 1732 872 1779 hic
896 1732 1238 1795 deprehendere
1257 1735 1420 1781 Roma-

76 1824 242 1855 nor-um
287 1810 675 1872 superstitionem
725 1809 1053 1857 arbitrantium
1091 1826 1139 1856 se
1180 1809 1416 1872 piaculum

75 1885 364 1944 contrahere,
386 1886 427 1931 si
454 1886 531 1932 cui
552 1902 719 1948 operae
742 1894 848 1932 ante
872 1887 1168 1933 vacavissent
1188 1901 1328 1947 quam
1346 1903 1418 1932 sa·

78 1978 206 2009 crum
231 1962 551 2024 perficeretur.
582 1962 740 2010 Solent
774 1962 988 2009 nonnulli
1021 1963 1299 2026 interpretes
1333 1962 1420 2009 hoc

73 2054 178 2085 arae
192 2040 419 2085 Maximae
433 2039 719 2086 sacrificium
738 2055 845 2086 cum
864 2055 916 2086 eo
939 2039 1148 2085 conferre
1167 2040 1243 2085 cui
1263 2042 1420 2085 Nestor

72 2117 124 2162 in
152 2116 358 2180 Odyssea
378 2105 620 2179 o'peratur3
650 2115 934 2179 supplicanti
957 2116 1082 2162 enim
1104 2115 1422 2162 interveniunt

71 2194 280 2240 Minerva
315 2202 358 2239 et
395 2193 701 2239 Telemachus
740 2193 968 2256 hospites3
1017 2202 1063 2238 at
1096 2208 1147 2238 ea
1171 2190 1420 2239 formidine

74 2285 168 2330 qua
190 2269 339 2316 Pallas
362 2285 512 2331 neque
536 2271 698 2316 Nestor
720 2286 875 2333 neque
902 2274 1002 2333 ejus
1029 2269 1112 2315 filii
1149 2268 1324 2314 moveri
1348 2268 1417 2314 vi-

73 2344 271 2405 dentur3
303 2346 564 2410 simplicius
592 2356 749 2409 atque,
778 2356 828 2392 ut
848 2348 910 2392 ita
935 2345 1110 2403 dicam,
1138 2344 1419 2391 familiarius

71 2422 231 2471 Graeci
259 2438 367 2468 cum
410 2422 507 2468 Diis
549 2432 721 2486 agunt3
751 2422 838 2469 hos
878 2422 1170 2485 relinquunt,
1208 2420 1422 2483 hospitis

71 2499 336 2562 excepturi3
377 2497 436 2544 ad
478 2514 575 2556 eos,
618 2498 884 2562 hospitibus
913 2498 1130 2561 exceptis,
1167 2497 1420 2544 considenti
1476 2506 1479 2507 ’

73 2576 234 2620 animo
260 2581 577 2621 revertuntur.
602 2577 703 2622 Jam
736 2591 842 2622 vero
868 2591 959 2621 non
990 2585 1172 2622 tantum
1201 2575 1422 2621 Hercules

74 2650 296 2714 precibus
322 2650 499 2709 aditur,
534 2651 614 2699 sed
646 2655 783 2700 Lares
810 2667 863 2699 ac
898 2654 1109 2710 Penates,
1146 2668 1264 2715 quos
1302 2654 1419 2699 Deos
