1758 2903
879 128 1089 162 -50-

308 215 462 259 Restat
498 222 551 258 ut
574 210 826 258 contendas
862 211 1064 258 indoiein
1090 228 1276 275 quoque
1309 214 1567 260 Romanam
1607 214 1656 260 in

307 289 462 351 regina
497 287 693 334 barbara
731 303 976 350 apparere;
1013 289 1093 335 sed
1130 290 1168 335 si
1208 291 1255 335 in
1288 290 1439 335 Aenea
1475 297 1657 336 tantum

306 372 567 428 appareret,
595 372 718 411 certe
747 364 920 410 clarIus
947 364 1162 411 eluceret.
1192 366 1305 411 Cum
1332 365 1510 412 Didone
1530 382 1657 413 com-

308 442 561 498 municata,
611 443 744 502 quasi
794 440 1069 487 obscuratur
1114 441 1190 486 vix
1231 442 1547 502 agnoscenda.
1583 440 1657 488 Ad

309 526 522 564 senatum
551 519 597 563 in
625 516 831 564 Aeneide
855 518 1047 578 saepius
1074 517 1224 563 alludi
1252 527 1296 563 et
1322 520 1413 581 ipsi
1437 518 1656 567 fatemur.

307 596 397 641 Nec
427 602 579 640 tamen
605 601 840 656 putamus,
868 594 1048 656 quoties
1077 593 1133 640 de
1159 594 1426 656 principum
1455 594 1658 657 quodam

306 680 539 717 conventu
590 686 744 716 sermo
787 669 866 729 sit,
913 671 1047 717 toties
1085 670 1214 716 hunc
1256 669 1464 716 ordinem
1503 678 1662 734 poetae

307 747 463 793 animo
497 746 796 793 obversatum
828 763 945 793 esse.
981 747 1193 809 Exempii
1222 747 1372 810 gratia
1401 746 1580 794 Aeneas
1611 747 1661 794 in

309 824 445 870 tertio
473 823 594 870 libro
624 824 692 869 sic
722 823 960 887 quuitur:

417 986 602 1026 Delectos
626 984 767 1040 populi
788 985 837 1024 ad
860 999 1061 1039 proceres,
1080 985 1341 1040 primumque
1361 992 1586 1040 parentem,

415 1052 601 1090 Monstra
622 1050 743 1091 deum
769 1050 912 1100 refero,
940 1058 980 1090 et
1002 1065 1105 1105 quae
1132 1050 1186 1090 sit
1208 1051 1408 1091 sententia
1427 1064 1566 1105 posco.

311 1205 542 1251 Continuo
572 1204 813 1251 Lerschius
838 1218 848 1250 τ
879 1224 899 1245 «
922 1203 1056 1260 Quod
1077 1220 1130 1250 ex
1150 1220 1203 1250 ea
1226 1205 1406 1251 ratione
1436 1204 1664 1264 instituit,

313 1298 406 1344 qua
430 1281 643 1345 prodigia
665 1284 837 1329 Romae
859 1281 916 1328 ad
942 1291 1156 1328 senatum
1184 1297 1370 1344 semper
1393 1281 1661 1328 refereban-

315 1367 408 1414 tur,
443 1363 577 1422 cujus
609 1360 909 1405 innumeram
932 1359 1055 1420 apud
1086 1359 1263 1404 Livium
1292 1358 1466 1421 poteris
1492 1357 1665 1404 habere

312 1435 492 1496 copiam
529 1451 574 1480 v.
611 1451 656 1496 g.
696 1436 853 1492 XXIII,
894 1437 1012 1491 1....‚
1048 1436 1179 1489 XLV,
1219 1437 1278 1482 4ss
1318 1453 1359 1479 ».
1401 1436 1670 1496 Sequuntur

316 1511 417 1556 loca
445 1511 578 1557 Livii.
599 1510 703 1567 Sed,
735 1512 956 1573 priunum,
979 1510 1033 1556 de
1054 1510 1192 1556 rebus
1218 1511 1440 1557 omnibus
1467 1525 1586 1573 quae
1606 1509 1665 1556 ad

316 1588 551 1633 civitatem
584 1588 892 1649 pertinebant,
925 1603 1014 1633 non
1043 1596 1223 1633 tantum
1253 1587 1309 1633 de
1335 1586 1562 1650 prodigiis
1595 1601 1665 1632 se·⁴

320 1672 456 1709 natus
482 1666 650 1710 Romae
676 1663 1030 1720 consulebatum
1064 1679 1153 1708 non
1184 1673 1255 1709 est
1284 1678 1392 1726 ergo
1419 1678 1504 1708 cur
1526 1677 1666 1725 argu-

318 1748 526 1786 mentum
577 1740 633 1786 ab
673 1756 726 1786 eo
771 1749 896 1802 petas
949 1739 1074 1800 quod
1119 1738 1174 1785 de
1221 1754 1267 1784 re
1308 1754 1435 1785 sacra
1481 1745 1665 1801 agatur.

316 1816 506 1874 Deinde,
538 1817 576 1862 si
607 1816 799 1878 paulum
829 1815 883 1859 ad
917 1816 1124 1862 fabulam
1150 1816 1300 1878 ipsam
1326 1813 1564 1862 attendere
1587 1829 1669 1860 vo-

316 1894 476 1951 lueris,
499 1894 723 1939 radonem
745 1893 854 1939 facti
878 1892 1005 1939 haud
1027 1908 1161 1957 aegre
1179 1891 1522 1956 deprehendes:
1539 1889 1669 1937 solus

316 1970 545 2016 Anchises
584 1971 742 2016 Cretae
782 1969 1007 2033 petendae
1045 1978 1208 2016 auctor
1249 1970 1432 2015 fuerat:
1467 1969 1666 2024 Aeneas,

319 2062 465 2109 quum
508 2046 809 2107 comperisset
853 2054 1030 2108 patrem
1077 2044 1319 2101 erravisse,
1357 2044 1537 2106 iterque
1573 2042 1667 2089 alio

318 2121 611 2177 vertendum,
659 2123 844 2167 delectos
876 2137 902 2167 a
941 2137 987 2167 se
1023 2136 1243 2182 proceres,
1278 2136 1393 2178 non,
1438 2127 1490 2166 ut
1518 2118 1672 2182 placet

321 2197 554 2251 Lerschio,
592 2197 752 2260 populi
788 2197 1027 2243 voluntate
1060 2197 1229 2242 electos
1264 2211 1372 2242 cum
1409 2197 1510 2259 ipso
1542 2203 1672 2258 patre

321 2276 492 2320 iterum
530 2273 872 2320 deliberaturus
912 2276 958 2319 in
999 2273 1249 2320 concilium
1295 2272 1500 2319 adhibet.
1545 2271 1669 2328 Quid

324 2359 514 2397 naturae
551 2351 699 2413 magis
732 2350 1132 2396 consentaneum?
1165 2349 1287 2405 Quid
1321 2349 1490 2396 rationi
1519 2348 1672 2412 magis

322 2428 614 2490 congruens?
645 2447 664 2469 «
696 2428 926 2483 Ceterum,
963 2427 1114 2489 pergit
1136 2426 1396 2484 Lerselstus,
1424 2425 1576 2473 versui
1610 2426 1671 2472 58

325 2504 626 2566 grammatica
670 2502 925 2549 difficultas
965 2504 1101 2548 inest.
1149 2503 1317 2558 Quaeri
1362 2502 1487 2548 enim
1523 2507 1672 2565 potest

326 2588 483 2626 utrum
514 2582 712 2640 primum
742 2580 802 2626 sit
835 2579 1110 2626 adverbium
1146 2580 1319 2642 (primo
1350 2577 1471 2641 Ioco)
1500 2593 1558 2624 an
1587 2576 1671 2624 ad-

319 2657 560 2718 }ectivum,
602 2658 662 2703 ita
696 2665 746 2703 ut
778 2657 958 2719 primus
989 2672 1236 2719 procerum
1279 2655 1558 2703 deiectorum
1598 2654 1668 2701 vel
