1758 2903
898 146 1109 181 *54*

325 230 514 292 quidem
544 246 627 277 nos
660 229 718 277 ad
741 231 1029 278 Homericam
1065 238 1259 279 aetatem
1288 231 1425 295 jubet
1455 231 1671 277 animum

324 306 512 365 referre;
561 323 704 368 quam
745 314 896 353 astute
936 323 1044 354 vero
1083 307 1214 355 illam
1254 307 1436 354 duabus
1473 306 1672 367 reliquis

324 398 443 444 quae
488 398 512 429 e
544 383 760 430 moribus
800 384 1027 429 Romanis
1062 386 1230 446 petitae
1269 391 1394 442 sunt,
1424 382 1672 430 Lersohius

324 458 530 505 mediam
567 460 824 522 interponit
860 468 913 506 ut
943 476 1027 506 nos
1059 475 1167 521 pars
1194 459 1276 506 illa
1306 476 1399 524 qua
1424 459 1671 516 claudicat,

324 543 377 582 ut
399 535 463 582 ita
485 535 659 594 dicam,
687 539 786 598 eJus
813 535 1085 598 disputatio,
1116 536 1321 599 legentes
1347 536 1498 583 lateat.

390 611 612 658 Subtilior
641 616 772 675 justo
809 616 909 675 J‘am
947 628 1001 659 ex
1034 613 1090 659 iis
1119 628 1239 675 quae
1274 612 1516 659 attulimus
1541 613 1675 658 Lers-

327 687 462 735 chius
504 687 656 735 videri
682 689 852 751 potuit.
881 689 941 735 At
962 704 1013 735 ea
1041 687 1279 735 subtilitas
1305 703 1550 752 quousque
1570 702 1675 751 pro-

325 764 567 827 grediatur
603 765 778 811 mirum
816 766 895 824 sit,
927 765 1017 810 nisi
1046 774 1286 812 teneamus
1327 781 1434 811 eum
1470 764 1559 811 hoc
1591 763 1674 810 de-

324 841 684 888 monstrandum
728 841 820 888 sibi
855 842 1135 904 sumpsisse„
1160 858 1312 888 mores
1329 844 1560 889 Romanos
1593 855 1675 904 per

325 925 470 965 totam
493 918 749 965 Aeneidem
773 918 988 965 describi.
1020 921 1148 966 Hanc
1172 920 1297 965 viam
1323 919 1564 982 ingressus
1591 933 1675 965 neo

326 995 618 1042 dextrorsum
640 1011 724 1042 nec
752 996 1074 1042 sinistrorsum
1102 994 1330 1054 deflectit3
1356 1011 1429 1041 res
1456 1010 1543 1042 suo
1567 1009 1674 1058 pro-

325 1073 474 1134 posito
530 1073 792 1136 subjUngit‚
850 1088 944 1118 non
1002 1072 1143 1119 rebus
1200 1073 1498 1119 sententiam.
1554 1073 1675 1135 Ergo

328 1167 350 1194 ε(
380 1150 622 1195 Laurentis
660 1150 788 1212 regia
816 1149 911 1195 Pici
945 1168 967 1193 >³
1001 1164 1094 1195 non
1125 1148 1214 1195 alia
1241 1156 1310 1194 est
1337 1156 1476 1211 atque
1505 1147 1674 1195 domus

322 1226 525 1289 Augusti
570 1227 617 1272 in
653 1225 885 1281 Palatin03
934 1225 1106 1288 quippe
1149 1240 1268 1288 quae
1301 1232 1345 1272 et
1383 1233 1556 1271 tectum
1590 1241 1674 1270 au-

325 1311 502 1363 qustum
529 1311 739 1356 vocetur,
769 1310 813 1349 et
838 1312 1026 1349 centum
1059 1303 1241 1348 dicatur
1271 1302 1501 1348 columnis
1533 1302 1676 1348 fuisse

324 1380 504 1425 innixa.
532 1399 555 1421 «
579 1381 726 1435 Quem
748 1387 966 1425 ornatum
994 1380 1209 1441 quamvis
1237 1378 1292 1424 de
1311 1378 1519 1425 Palatina
1539 1378 1676 1424 domo

327 1471 420 1501 non
441 1456 617 1519 possim
645 1455 984 1514 demonstrare,
1001 1458 1321 1503 Romanorum
1349 1465 1503 1501 tamen
1527 1455 1678 1502 maxi-

325 1548 399 1579 me
430 1533 576 1580 fuisse
603 1532 728 1580 vides
758 1548 811 1578 ex
838 1532 1127 1596 Hecatostylo
1152 1549 1294 1595 prope
1314 1532 1524 1595 Pompeii
1546 1531 1675 1579 thea-

329 1613 475 1656 trum¹
502 1627 546 1656 ».
575 1609 708 1666 Quod
736 1610 776 1656 si
804 1609 861 1656 de
885 1609 1090 1672 quodam
1115 1610 1342 1673 piscatore
1366 1608 1573 1656 dicitur:

699 1746 934 1786 pauperque
954 1731 1099 1772 domus
1122 1745 1194 1773 nec
1223 1739 1318 1773 nota
1338 1738 1551 1787 potentum

487 1798 663 1838 Munera
680 1799 709 1850 ²,

331 1912 551 1959 continuo
582 1911 835 1958 Lerschius
868 1928 878 1957 τ
916 1930 939 1957 <c
963 1913 1126 1975 Tangit
1160 1919 1310 1975 poeta,
1347 1920 1398 1958 ut
1426 1910 1569 1957 verbo
1601 1909 1676 1956 di-

327 2005 446 2047 cam,
468 1997 733 2051 temporum
757 2004 950 2034 suorum
978 1989 1240 2051 nequitiam
1274 2003 1365 2048 qua
1389 1987 1468 2049 qui
1497 1987 1675 2049 magis-

327 2074 497 2112 tratum
534 2074 664 2112 erant
699 2066 889 2128 petituri
931 2065 1000 2110 vel
1040 2065 1181 2110 aliam
1219 2065 1278 2111 ob
1317 2079 1508 2110 causam
1549 2063 1674 2125 plebi

327 2141 565 2188 adulaturi
589 2143 868 2188 immensam
893 2149 937 2187 et
961 2142 1079 2186 aeris
1105 2149 1146 2186 et
1173 2140 1352 2204 publici
1376 2140 1581 2186 muneris
1602 2155 1678 2186 co-

329 2219 451 2281 piam
473 2217 802 2281 profuderunt³
831 2234 874 2263 ».
904 2216 991 2263 Sed
1018 2216 1109 2262 alia
1133 2218 1247 2263 ratio
1273 2215 1539 2280 explicandi
1563 2216 1677 2262 sim-

330 2294 494 2357 plicior
525 2296 742 2357 suppetit.
776 2294 972 2340 Munera
1007 2293 1135 2338 enim
1167 2308 1285 2351 esso,
1324 2291 1560 2355 quidquid
1592 2307 1675 2354 po-

328 2378 476 2417 tentes
500 2379 719 2434 appetant
738 2386 789 2416 ac
810 2385 1002 2416 suorum
1022 2369 1236 2415 laborum
1257 2370 1390 2433 quasi
1409 2367 1675 2415 mercedem

331 2447 614 2506 existiment,
639 2446 893 2510 dignitates
913 2445 1103 2506 scilieet,
1122 2454 1164 2492 et
1184 2445 1378 2509 imperia
1398 2452 1444 2492 et
1466 2443 1673 2505 divitias,

392 2587 424 2621 1.
457 2580 640 2631 Lersch„
660 2582 790 2630 Antiq.
815 2580 843 2632 S
861 2585 897 2618 5.

386 2645 422 2681 2.
455 2643 550 2681 Aen.
572 2640 665 2690 XII,
690 2645 781 2680 519.

387 2705 422 2738 3.
456 2698 637 2750 Lcrscli.,
662 2701 793 2749 Antiq.
819 2699 847 2751 S
873 2703 933 2740 16.
