1758 2903
779 136 962 170 ...3-

201 231 228 261 a
247 223 370 261 sexta
391 215 541 261 noctis
567 214 681 260 hora
706 215 841 261 oriri¹
869 235 915 261 ».
948 216 1212 263 Vestibulum
1232 224 1385 263 autem
1410 225 1537 280 post-

200 306 342 354 quam
369 290 520 336 locum
545 297 651 336 ante
670 295 864 353 januam
895 290 1064 338 domus
1100 307 1291 339 vacuam
1326 293 1390 338 ita
1420 300 1538 340 recte

202 364 295 410 dici
325 362 561 423 disseruit,
594 364 849 427 improprie
885 373 1038 413 autem
1068 374 1113 413 et
1140 367 1325 414 indocte
1360 376 1541 431 partem

202 439 372 486 domus
398 440 655 503 propriam,
691 442 862 488 atrium
900 442 1096 500 scilicet,
1124 442 1213 489 hoc
1242 444 1429 491 nomine
1464 459 1541 490 vo-

200 516 310 570 cari,
336 515 522 579 Virgilii
548 516 703 563 locum
731 519 894 564 ceteris
914 520 1204 580 argumentis
1230 519 1454 566 adscribit

280 647 541 690 Vestibulum
563 655 654 688 ante
676 648 813 702 ipsum
831 649 1057 703 primisque
1077 650 1119 689 in
1140 650 1327 691 faucibus
1346 652 1441 692 Orci

280 707 433 747 Luctus
453 714 492 746 et
514 706 679 746 ultrices
702 720 875 759 posuere
895 707 1046 747 cubilia
1069 722 1201 749 curae.
1227 709 1417 762 (AemVI,
1436 713 1543 762 273.)

270 855 293 882 (t
319 839 421 883 Non
441 837 564 884 enim
596 837 900 894 vestibulum,
929 838 1104 901 inquit,
1135 839 1344 901 priorem
1366 847 1543 903 partem

202 912 372 960 domus
404 912 612 959 infernae
648 928 750 960 esse
779 911 918 972 dicit;
954 913 1081 976 quod
1119 913 1341 976 obrepere
1376 923 1542 978 potest,

204 998 426 1051 tanquam
462 988 503 1034 si
538 988 601 1034 ita
633 987 846 1047 dicatur3
872 987 953 1036 sed
990 989 1091 1035 loca
1129 989 1222 1036 duo
1257 989 1547 1036 demonstrat

203 1074 330 1113 extra
368 1066 473 1112 Orci
509 1065 649 1123 fores,
685 1065 974 1112 vestibulum
1001 1073 1044 1112 et
1074 1066 1228 1112 fauces
1259 1082 1270 1112 ε
1296 1081 1351 1112 ex
1376 1065 1546 1129 quibus

204 1148 250 1187 et
266 1140 550 1188 vestibulum
575 1140 779 1204 appellat
804 1150 911 1186 ante
938 1142 1091 1204 ipsam
1122 1141 1255 1202 quasi
1284 1139 1473 1187 domum
1503 1150 1549 1188 et

203 1226 309 1264 ante
341 1218 445 1280 ipsa
481 1218 588 1264 Orci
618 1217 902 1278 penetralia3
931 1217 1088 1263 fauces
1118 1225 1271 1264 autem
1300 1224 1434 1263 vocat
1462 1218 1549 1264 iter

204 1302 475 1357 angustum,
527 1309 609 1355 per
642 1292 767 1356 quod
802 1293 861 1339 ad
909 1292 1195 1339 vestibulum
1240 1292 1473 1340 adiretur²
1501 1312 1543 1338 ».

204 1373 466 1418 Romanum
503 1371 649 1432 igitur
687 1369 995 1427 vestibulum,
1038 1378 1082 1415 et
1117 1368 1165 1415 id
1198 1368 1390 1432 quidem
1424 1368 1548 1432 quod

205 1447 271 1492 ita
304 1444 613 1508 amaJoribus
659 1452 702 1491 et
739 1444 1021 1492 doctissimis
1068 1446 1181 1491 viris
1225 1445 1314 1491 dici
1356 1445 1546 1492 solitum

205 1529 319 1581 erat,
363 1537 457 1568 non
503 1524 687 1584 πρόθυρον
737 1521 854 1568 illud
899 1523 1153 1578 Graecum,
1209 1520 1387 1568 aditum
1440 1522 1547 1568 Orci

206 1597 474 1661 quemlibet,
497 1598 554 1644 A.
572 1598 744 1646 Gellius
765 1614 792 1644 a
813 1606 950 1661 poeta
975 1598 1230 1661 significari
1254 1605 1399 1660 putat.
1423 1600 1546 1654 Jam,

205 1690 313 1721 cum
338 1675 516 1737 quaerit
541 1673 663 1720 idem
692 1675 891 1737 scriptor
922 1690 1006 1721 cur
1039 1690 1147 1721 oves
1174 1676 1368 1720 bidentes
1394 1689 1422 1720 a
1444 1674 1548 1720 Vir-

265 1838 300 1873 1.
331 1832 381 1870 A.
398 1829 571 1880 Gellius,
593 1831 642 1870 L.
658 1831 735 1881 111,
758 1843 792 1871 c.
810 1843 856 1879 11,
880 1830 942 1870 ed.
957 1831 1076 1879 Lion,
1099 1845 1140 1884 p.
1160 1835 1250 1871 275.
1266 1853 1316 1861 —
1335 1829 1449 1870 Idem
1468 1830 1549 1870 fere

207 1890 319 1943 legas
347 1888 458 1942 apud
482 1888 667 1929 Servium
693 1888 764 1943 qui
794 1888 1026 1929 Ciceronem
1051 1889 1095 1928 in
1115 1890 1382 1940 Auyuralibus
1407 1895 1446 1927 et
1467 1889 1552 1928 Au-

207 1948 294 1989 lum
317 1947 496 1989 Gellium
515 1947 653 2001 ipsum
672 1946 824 1988 laudat.
858 1947 1096 2000 (Comment.
1126 1948 1170 1987 in
1200 1948 1250 1989 V.
1275 1946 1472 1997 Serviani,
1498 1948 1549 1995 V,

209 2012 301 2056 758,
324 2005 422 2046 edit.
444 2005 578 2058 Lion.)

263 2070 301 2104 2.
332 2065 382 2106 A.
398 2063 570 2114 Gellius,
590 2063 742 2114 LXVI,
764 2077 797 2104 c.
813 2076 872 2115 vl,
890 2064 954 2104 ed.
967 2063 1087 2114 Lion,
1102 2068 1193 2104 363.
1211 2063 1327 2113 Quod
1345 2062 1396 2102 ad
1411 2077 1551 2102 versus

209 2121 460 2175 Virgilianos
492 2121 637 2161 attinet
667 2135 676 2161 :
710 2139 732 2157 α
753 2124 982 2172 Torquet....
1012 2131 1136 2173 eta»,
1175 2121 1371 2162 subtilius
1391 2121 1554 2161 videtur

210 2180 370 2221 Gellius
393 2179 617 2233 disputare.
634 2180 754 2220 Sexta
776 2180 942 2234 quidem
962 2180 1093 2221 noctis
1115 2180 1214 2220 hora
1235 2187 1369 2234 potest
1389 2179 1553 2232 signifi-

211 2238 313 2289 cari,
352 2237 402 2278 ab
435 2251 480 2278 ea
515 2244 650 2278 autem
682 2238 791 2278 diem
824 2238 984 2278 civilem
1019 2238 1116 2278 oriri
1146 2238 1251 2278 nihil
1285 2238 1549 2278 demonstrat.

210 2295 359 2336 Contra
390 2295 493 2336 lucis
524 2302 651 2347 ortus,
676 2310 758 2337 non
780 2296 862 2336 diei
890 2296 1022 2337 civilis
1047 2296 1215 2337 initium
1234 2295 1369 2336 verbis
1394 2295 1555 2335 indica—

211 2361 278 2394 tur
301 2367 310 2393 :
343 2371 364 2388 c<
387 2357 435 2395 Et
456 2368 517 2394 me
537 2367 680 2395 saevus
707 2358 814 2407 equis
841 2357 1045 2396 Oriens....
1063 2370 1109 2405 »ς
1141 2355 1211 2394 lux
1240 2361 1375 2394 autem
1403 2359 1555 2393 aestate

213 2414 269 2465 (et
305 2426 440 2453 revera
468 2412 512 2452 in
546 2420 696 2454 aestate
732 2421 820 2454 tum
855 2414 1007 2454 versari
1032 2414 1230 2467 videmur)
1264 2420 1398 2454 sextae
1424 2412 1554 2452 noctis

210 2472 332 2512 horae
351 2472 529 2526 propior,
557 2474 797 2527 praesertim
818 2488 842 2513 a
863 2481 995 2528 poeta,
1021 2473 1102 2514 dici
1121 2480 1268 2528 potest.
1289 2500 1334 2505 —-
1358 2471 1466 2522 Quid
1480 2485 1555 2511 au-

212 2536 295 2569 tem
315 2529 514 2583 Virgilius
535 2544 608 2585 per
626 2531 874 2572 vestibulum
894 2532 1067 2573 voluerit
1087 2530 1279 2584 intelligi,
1298 2529 1412 2570 nullo
1436 2529 1554 2569 modo

213 2601 260 2627 ex
278 2587 381 2642 ipsis
406 2588 592 2629 versibus
614 2598 724 2644 patet
747 2606 754 2631 :
780 2598 914 2631 vetere
936 2598 975 2631 et
994 2598 1039 2630 ut
1058 2589 1216 2630 videtur
1243 2588 1423 2631 obsoleta
1442 2586 1554 2628 verbi

212 2645 508 2698 significatione
532 2646 655 2688 Gellii
677 2647 900 2702 disputatio
924 2655 1081 2689 tantum
1101 2648 1259 2690 nititur.
