1758 2903
877 81 1088 116 —12—

377 163 683 228 Castigandus
707 173 776 211 est
800 165 1025 228 primum,
1058 174 1106 212 ut
1129 165 1326 224 videtur,
1358 181 1514 213 rerum
1537 167 1650 215 ordo

312 260 365 290 ac
391 241 669 305 dispositio;
703 242 870 287 etenim
900 241 1012 289 dum
1055 243 1296 289 Lerschius
1328 243 1513 305 singu'a
1535 259 1653 306 quae

312 318 372 365 ad
396 333 494 364 rem
521 316 781 379 publicam,
809 316 864 362 ad
891 317 1184 378 religionem,
1220 317 1277 363 ad
1317 319 1460 364 vitam
1497 320 1653 381 priva-

313 402 408 440 tam
454 393 706 455 pertinent,
755 393 1049 454 persequitur
1083 408 1136 438 ac
1184 393 1377 456 colligit,
1424 403 1558 457 poeta
1606 395 1652 440 in

313 470 523 517 membra
545 468 843 531 discerpitur,
868 478 910 515 ct
932 469 978 514 in
1003 469 1310 531 discerpendo
1331 472 1563 533 interpres
1579 472 1656 517 vix

313 562 363 593 se
391 561 499 592 cum
528 552 662 607 poeta
686 560 783 590 rem
814 544 981 590 habere
1024 546 1257 591 meminit.
1298 545 1472 592 Deinde
1507 562 1654 608 quum

312 629 503 679 attente,
527 621 599 666 sin
626 621 783 666 minus
813 620 967 678 anxie,
999 620 1156 666 omnia
1178 636 1293 682 quae
1316 621 1560 683 proposito
1585 621 1653 667 fa-

312 708 424 745 vent
445 697 580 760 quasi
607 697 655 742 in
685 711 833 742 unum
865 696 1033 742 fascem
1060 696 1239 759 religat,
1271 697 1310 742 si
1339 712 1431 759 qua
1464 705 1657 744 noceant

315 782 394 820 aut
415 773 571 819 minus
590 773 686 817 sint
703 780 1032 831 consentanea,
1061 772 1195 834 quasi
1219 773 1396 818 inscius
1417 773 1652 836 praeterit.

315 851 498 905 Quanto
519 849 774 911 sapientior
804 849 1031 912 Heynius,
1064 864 1210 910 quum
1240 850 1531 911 interpreteS,
1566 851 1660 896 Ho-

314 941 494 972 merum
517 941 622 971 cum
654 924 848 987 Virgilio
878 925 1041 970 solitos
1073 940 1359 986 comparare,
1388 924 1659 972 admoneret

316 1018 375 1048 ne
408 1001 563 1047 locum
601 1016 707 1046 cum
744 1002 843 1046 loco
888 999 1111 1062 quodam,
1151 1016 1341 1057 versum
1379 1016 1484 1047 cum
1525 1017 1660 1047 versu

316 1077 526 1125 conferre
559 1076 744 1132 vellent,
780 1076 860 1122 sed
898 1086 1053 1139 partes
1090 1077 1312 1123 Aeneidis
1341 1079 1454 1123 satis
1481 1077 1661 1140 amplas

316 1170 370 1201 ex
402 1152 567 1199 ordine
600 1153 936 1214 explicarent¹.
974 1152 1109 1208 Quod
1146 1153 1395 1200 consilium
1430 1168 1483 1199 ea
1513 1162 1663 1199 mente

258 1281 262 1285 ,
316 1230 373 1277 ab
410 1231 584 1294 Heynio
623 1230 780 1277 datum
821 1246 875 1276 ne
913 1231 1022 1292 quis
1057 1233 1307 1277 Homerum
1339 1231 1550 1293 Virgilio,
1582 1237 1664 1276 aut

317 1322 485 1353 rursus
510 1305 762 1368 Virgilium
786 1308 1001 1364 Homero,
1033 1308 1207 1352 trutina
1237 1323 1326 1353 non
1350 1322 1500 1368 aequa
1525 1322 1659 1363 usus,

320 1390 633 1445 anteponeret,
661 1390 861 1444 repetere
879 1387 984 1445 Jurc
1014 1384 1163 1442 possis
1201 1398 1258 1428 nc
1288 1384 1396 1445 quis
1423 1381 1660 1428 heroicam

319 1461 463 1506 vitam
489 1458 872 1522 apudVi1·gilium
899 1458 1110 1505 moribus
1131 1460 1365 1516 Romanis,
1390 1466 1471 1505 aut
1494 1474 1661 1504 rursus

319 1552 473 1584 mores
499 1538 732 1583 Romanos
775 1535 981 1582 heroicae
1029 1535 1150 1581 vitae
1189 1534 1465 1598 ampliorem
1507 1533 1663 1581 locum

318 1620 448 1678 putet
471 1613 782 1659 concessisse!

384 1691 480 1736 Hoc
504 1696 658 1735 tamen
694 1690 815 1735 inter
838 1687 956 1734 duos
990 1687 1195 1734 Lerschii
1217 1686 1363 1734 libros
1389 1687 1585 1734 interest
1613 1694 1666 1733 ut

319 1767 467 1828 prior,
489 1781 637 1828 quum
654 1765 885 1811 sitminus
905 1764 1036 1810 fusus
1053 1772 1192 1827 atque
1211 1765 1448 1826 copiosus,
1471 1762 1664 1810 modum

321 1840 573 1905 quemdam
600 1848 768 1899 servet,
793 1849 874 1887 aut
899 1848 1021 1887 certe
1045 1839 1102 1886 ad
1133 1839 1438 1886 subtilitatem
1462 1840 1664 1886 nimiam

323 1918 574 1980 confugere
609 1933 698 1963 non
740 1917 977 1974 Videatur3
1028 1915 1140 1962 alter
1176 1925 1349 1974 autem,
1389 1932 1536 1976 quum
1573 1930 1664 1961 non

317 1998 412 2057 jam
447 1993 699 2056 disputatio
727 1993 926 2050 brevior,
965 1992 1042 2038 sed
1079 2000 1307 2038 tractatus
1338 1991 1556 2038 omnibus
1582 2008 1667 2038 nu-

322 2071 464 2116 meris
491 2069 731 2116 absolutus
756 2068 867 2118 velit
895 2068 1073 2126 haberi,
1106 2067 1223 2114 fines
1258 2068 1365 2114 illos

458 2185 567 2235 Quos
592 2185 697 2224 intra
714 2184 893 2237 citraque
918 2183 1059 2237 nequit
1079 2182 1298 2224 consistere
1318 2190 1488 2234 rectum,

325 2292 580 2355 aliquando
596 2292 786 2339 excedat
800 2308 852 2338 ac
869 2291 1244 2352 transgrediatur.
1260 2292 1504 2338 Doctrinae
1521 2291 1666 2353 ipsius

327 2371 462 2432 copia
483 2398 543 2404 —
565 2378 609 2416 ct
633 2385 681 2415 se
698 2368 950 2415 doctiorem
974 2370 1018 2413 in
1048 2368 1301 2431 posteriore
1330 2368 1501 2413 sactum
1528 2369 1669 2413 fuisse

326 2446 423 2507 ipse
454 2445 695 2492 Lerschius
717 2445 971 2508 praedicat,
997 2471 1058 2478 —
1085 2444 1285 2506 scriptor
1307 2444 1570 2507 saepissime
1591 2441 1666 2488 l'al-

386 2614 418 2648 1.
451 2607 509 2649 Cf.
537 2607 847 2653 sainte-Reum
875 2600 1014 2646 Etutlcs
1037 2618 1107 2645 sur
1139 2606 1291 2655 Virque,
1313 2618 1353 2658 p.
1381 2609 1472 2643 232.
