1758 2903
848 127 1087 163 -106—

289 215 414 279 quod
436 228 585 277 genus
611 210 848 259 salutandi
881 220 1021 276 atque
1057 212 1265 276 hospites
1300 215 1562 279 excipiendi
1584 233 1636 266 ex

289 295 488 339 Homero
519 296 685 336 notum
708 296 778 336 est
804 304 814 335 :

501 408 548 445 Οἱ
571 407 600 444 δ’
617 407 665 450 ὣς
684 401 741 445 οὖν
759 404 884 451 ξείνους
900 406 986 457 ἴδον,
1009 407 1126 457 ἀθρόοι
1146 403 1251 456 ἦλθον
1269 409 1418 455 ἅπαντες

501 470 635 523 Χερσίν
652 470 685 509 τ’
706 472 922 522 ἠσπάζοντο,
946 473 1007 510 καὶ
1027 473 1230 525 ἑδριάασθαι
1249 473 1381 526 ἄνωγον
1394 476 1422 512 ¹.

288 583 402 627 Tum
420 579 555 626 ducis
572 578 756 641 TroJani
777 593 887 625 cum
907 594 1015 642 rege
1031 582 1204 627 Graeco
1221 579 1509 644 colloquium
1532 597 1634 629 om-

290 657 402 703 nino
426 656 624 720 dignum
642 663 709 701 est
737 654 952 702 moribus
976 664 1019 702 et
1041 663 1186 703 aetate
1209 675 1220 702 ε

397 771 478 814 Sed
498 785 584 813 mea
604 785 665 812 me
688 775 820 813 virtus
846 772 997 826 (inquit
1015 773 1206 827 Aeneas),
1236 780 1276 813 et
1306 780 1444 814 sancta
1478 773 1641 815 oracula

396 837 651 891 Cognatique
675 843 826 891 patres,
851 844 923 878 tua
946 838 1065 879 terris
1089 837 1218 879 didita
1235 838 1343 879 fama
1476 839 1647 891 [Divum

397 902 650 958 Conjunxere
675 901 786 942 tibi2.

288 1012 463 1072 Nempe
490 1009 651 1056 credas
672 1026 817 1073 paene
836 1018 876 1056 te
900 1009 1061 1057 audire
1083 1010 1260 1074 Ulyssis
1281 1011 1421 1058 verba
1435 1027 1483 1058 se
1503 1011 1640 1075 Ulys-

291 1102 388 1132 sem
423 1102 525 1133 esse
561 1086 845 1133 Laertiadem
871 1088 1111 1149 jactantis,
1157 1096 1238 1134 aut
1269 1090 1406 1134 etiam
1454 1089 1640 1135 Diome-

290 1163 364 1210 dis
380 1179 427 1209 se
450 1161 576 1226 patre
591 1164 830 1210 meliorem
846 1179 948 1210 esse
965 1164 1261 1212 affirmantis.
1285 1185 1307 1208 «
1325 1166 1516 1229 Cognati
1531 1181 1642 1213 vero

290 1249 447 1305 patres
477 1261 522 1297 »‚
557 1240 762 1288 Evandri
803 1241 982 1287 «terris
1016 1240 1165 1288 didita
1201 1241 1325 1288 fama
1353 1261 1376 1284 ι)
1414 1258 1506 1289 non
1535 1259 1643 1291 sane

291 1318 494 1365 multum
522 1318 711 1365 Aenean
737 1317 795 1364 ad
830 1333 987 1381 regem
1018 1316 1330 1381 alienigenam
1355 1320 1644 1366 conveniem-

291 1394 404 1441 dum
430 1394 666 1458 pepulere,
695 1410 845 1457 quum
881 1402 1012 1440 nocte
1047 1401 1229 1439 tantum
1267 1394 1516 1456 superiori,
1554 1409 1641 1458 per

291 1472 551 1528 somnium,
589 1469 788 1517 audierit
826 1470 992 1516 urbem
1031 1485 1130 1516 esse
1160 1469 1413 1532 quamdam
1449 1472 1641 1518 nomine

290 1547 599 1603 Pallanteum,
618 1563 774 1609 regem
806 1556 961 1593 autem
987 1546 1237 1608 quemdam
1261 1546 1534 1594 Evandrum
1554 1563 1640 1594 no-

292 1625 417 1672 mine
445 1640 455 1672 :
489 1624 569 1670 sed
601 1641 748 1685 quum
773 1624 831 1670 ad
854 1625 1108 1670 amicitiam
1131 1614 1498 1671 contrahendam
1527 1623 1647 1670 hos--

291 1701 406 1765 pitia
432 1701 636 1761 antiqua
679 1701 868 1748 heroico
903 1716 1015 1747 aevo
1052 1702 1314 1747 maximum
1346 1710 1640 1748 momentum

292 1778 532 1836 haberent,
560 1779 743 1824 Aeneas
771 1779 1092 1841 cognationem
1131 1794 1222 1823 non
1260 1777 1399 1824 modo
1423 1785 1638 1841 praeten-

293 1855 379 1909 dit,
421 1854 500 1902 sed
544 1870 598 1901 ex
642 1845 806 1901 ordine
857 1856 1048 1916 exponit
1095 1854 1403 1917 explicatque.
1458 1856 1638 1902 Rursus

294 1932 507 1980 Evander
528 1933 747 1978 meminit
773 1947 822 1978 se
847 1929 1041 1993 hospitii
1061 1937 1166 1994 jure
1183 1946 1291 1977 cum
1310 1930 1485 1977 Priami
1505 1938 1644 1993 atque

352 2094 385 2130 l.
420 2090 489 2130 Oct.
516 2089 593 2138 ΠΙ,
621 2093 684 2129 34.

348 2153 386 2188 2.
418 2151 513 2187 Aen.
541 2147 655 2195 VIII,
683 2152 770 2187 131.
790 2170 842 2176 -
866 2146 946 2196 Qui
969 2160 1049 2186 non
1072 2145 1287 2186 attendunt
1314 2146 1493 2185 Aeneam
1515 2159 1649 2188 unum.

294 2205 344 2246 de
375 2205 603 2245 Homericis
636 2205 827 2245 heroibus
858 2219 961 2256 esse,
986 2204 1052 2245 hic
1082 2203 1281 2257 castigant
1307 2203 1543 2258 Virgilium.
1580 2202 1642 2245 Cf.

293 2265 448 2314 Tissot,
474 2258 620 2304 Ecudes
639 2278 711 2305 sur
734 2265 890 2316 Virque,
906 2264 939 2316 1,
965 2269 1037 2304 112
1062 2277 1070 2303 :
1098 2263 1312 2318 «Puisquc
1331 2262 1392 2303 les
1414 2275 1645 2318 promesses

294 2322 539 2364 Solcnnclles
569 2329 609 2363 et
638 2322 697 2363 les
724 2323 862 2364 ordres
892 2321 1024 2377 precis
1050 2322 1104 2362 du
1126 2321 1265 2374 Tibre,
1300 2321 1371 2376 qui
1394 2336 1417 2362 a
1437 2321 1651 2362 d’ailleurs

295 2383 425 2423 ecarte
447 2388 532 2422 tout
555 2396 734 2436 soupcon
756 2381 804 2422 de
825 2382 981 2435 danger
1000 2395 1051 2422 au
1074 2395 1169 2421 nom
1189 2380 1242 2420 du
1261 2381 1335 2421 ciel
1358 2380 1509 2436 apaise,
1529 2380 1647 2434 puis-

295 2455 374 2495 que
398 2440 456 2480 les
481 2439 633 2481 oracles
654 2440 724 2480 des
748 2441 888 2491 Dieux,
906 2441 945 2480 la
964 2440 1179 2494 puissancc
1195 2439 1265 2479 des
1283 2438 1387 2479 licns
1405 2438 1453 2479 de
1475 2437 1642 2490 famine,

295 2500 335 2540 la
357 2499 516 2539 volonte
545 2499 616 2539 des
647 2499 817 2548 destins‚
844 2499 882 2539 la
909 2499 1028 2539 haute
1051 2512 1280 2538 renommec
1315 2491 1554 2549 dEvandre,
1575 2503 1648 2538 ont.

297 2558 464 2598 conduit
485 2552 594 2598 Enee
618 2558 763 2599 devant
785 2558 859 2610 lui,
876 2558 906 2598 il
928 2559 992 2612 n’y
1018 2572 1041 2597 a
1060 2557 1174 2612 point
1194 2557 1247 2597 ici
1270 2556 1307 2596 d'
1312 2557 1426 2597 effort
1447 2555 1495 2596 de
1511 2555 1640 2608 verni,

298 2618 413 2672 point
436 2617 472 2658 (Γ
479 2619 661 2658 occasion
685 2617 732 2659 de
754 2632 795 2658 se
819 2626 983 2671 targucr
1003 2617 1057 2657 du
1078 2630 1249 2670 courage
1272 2614 1310 2656 d‘
1314 2618 1397 2656 etre
1424 2628 1529 2656 venu
1556 2588 1652 2661 seul.

298 2690 464 2731 exposcr
487 2692 529 2718 sa
556 2680 633 2718 tete
656 2679 678 2718 a
700 2692 754 2718 un
777 2676 880 2732 peril
900 2677 970 2731 qui
995 2675 1098 2717 n‘est
1120 2675 1484 2730 qu'imaginaire„›>
