1758 2903
879 205 1092 240 ...70-

311 287 388 336 sed
417 287 474 335 ad
496 303 622 346 suae,
651 303 744 335 non
772 287 830 336 ad
856 290 1080 352 Trojanos
1107 289 1211 337 illos
1241 291 1445 350 Homeri,
1482 290 1563 338 sed
1599 292 1658 338 ad

308 364 539 411 Asiaticos
555 364 835 427 respiciunt.
853 366 946 411 Hos
969 365 1114 429 igitur
1135 366 1351 429 populos,
1381 366 1658 430 quibuscum

308 448 521 504 pugnant
554 441 733 499 Graeci,
783 449 827 488 et
874 440 1097 487 barbaros
1127 450 1304 498 vocant,
1342 451 1387 490 et
1431 445 1664 507 ἀλλοθρόους

308 517 493 581 fingunt
511 532 632 576 esse,
649 525 694 564 et
710 517 898 564 luxuria
915 517 1204 580 mollitieque
1220 517 1660 583 diffluentesdepin-

309 601 443 657 gunt.
472 593 616 653 Audi,
639 600 693 640 ut
713 592 982 656 exemplum
1005 592 1272 653 adhibeam,
1302 595 1581 659 Euripidem
1606 595 1662 643 de

309 668 473 716 Paride
493 689 504 717 :

415 793 493 839 Τὴν
510 792 672 846 προδότιν
690 791 903 846 (Helenam
919 791 1140 847 scilicet),v‘³,
1155 792 1232 837 τοὺς
1255 793 1421 838 Θυλάκους
1443 793 1521 838 τοὺς
1539 794 1663 833 ποικί-

416 861 498 913 περὶ
518 863 587 899 τῶν
609 861 747 900 σκέλοιν
770 863 890 900 ἰδοῦσα
909 862 969 899 καὶ
991 861 1050 900 τὸν
1071 861 1219 912 χρύσεον
1513 863 1609 914 [λους

416 925 532 964 κλοιὸν
557 930 727 977 φοροῦντα
748 923 900 978 (Parin)
922 925 1003 978 περὶ
1022 924 1127 976 μέσον
1147 925 1207 965 τὸν
1231 926 1364 977 αὐχένα

419 989 650 1037 ἔξεπτοήθηί.

377 1113 529 1160 Habes
553 1113 631 1160 hic
654 1132 676 1160 c<
696 1113 776 1160 illa
799 1113 999 1161 barbara
1024 1113 1227 1177 tegmina
1246 1129 1434 1161 crurum
1450 1118 1466 1140 ²
1486 1130 1663 1178 »‚quae

312 1190 527 1237 sacerdos
557 1189 750 1253 Cybeles
779 1189 1003 1237 Chloreus
1042 1191 1238 1254 gessisse
1261 1190 1387 1254 apud
1410 1191 1660 1254 Virgilium

311 1257 502 1313 dicitur.
531 1267 694 1313 Cetera
716 1265 926 1329 ejusdem
959 1265 1051 1312 viri
1073 1281 1220 1323 arma,
1251 1275 1303 1312 ut
1345 1282 1438 1313 non
1464 1266 1660 1313 fortasse

312 1343 418 1405 ipsa
441 1343 491 1388 in
513 1343 704 1406 tragicis
726 1342 931 1405 reperire
951 1342 1123 1406 possis,
1153 1350 1323 1401 tamen,
1351 1358 1502 1405 quum
1527 1344 1662 1391 Troia

314 1434 459 1478 nunc,
487 1434 613 1465 nunc
637 1420 836 1480 Phryyia
859 1434 958 1465 esse
983 1417 1219 1478 dicantur,
1245 1434 1393 1483 quum
1416 1421 1662 1482 pereyrina

311 1497 548 1555 ferruyine
574 1495 838 1558 squaleant,
860 1510 1111 1558 agnoscere
1133 1494 1240 1542 licet
1264 1503 1555 1542 constantem
1575 1503 1661 1547 tra·v

313 1573 523 1635 gicorum
553 1572 777 1618 rationem
802 1586 915 1634 qua,
947 1578 1000 1618 ut
1023 1576 1120 1634 jam
1155 1571 1379 1630 diximus,
1410 1587 1438 1618 a
1462 1573 1663 1635 pristina

314 1647 397 1695 illa
414 1655 458 1694 et
474 1648 719 1694 Homerica
731 1649 1040 1711 Trojanorum
1062 1647 1356 1710 simplicitate
1375 1647 1658 1709 desciscunt,

313 1731 377 1784 et,
403 1724 552 1788 magis
570 1730 707 1786 atque
731 1724 882 1787 magis
907 1731 1044 1770 aucto
1066 1724 1187 1770 inter
1207 1723 1325 1771 duos
1345 1723 1546 1789 populos
1569 1724 1663 1772 dis-

313 1801 530 1859 crimine,
569 1801 735 1847 ceteris
772 1799 975 1847 Orientis
1001 1799 1219 1863 gentibus
1243 1800 1439 1848 Troadis
1478 1800 1660 1849 incolae

315 1877 439 1924 fiunt
457 1875 704 1923 simillimi.
732 1877 834 1922 Huc
849 1890 1039 1938 quoque
1059 1876 1288 1940 pertinere
1301 1875 1486 1924 videtur
1505 1877 1662 1924 omnis

314 1953 399 2000 illa
423 1952 593 2001 Priami
616 1952 802 2000 aedium
827 1951 1191 2016 magnificentia,
1217 1951 1323 2000 illae
1344 1959 1531 2001 auratae
1555 1959 1659 2000 tra-

313 2030 415 2091 bes,
440 2029 511 2076 illi

501 2161 717 2203 Barbarico
740 2167 878 2217 postes
900 2174 998 2202 auro
1014 2159 1238 2216 spoliisque
1255 2161 1454 2216 superbi⁸‚

316 2295 475 2350 Quum
515 2292 639 2357 apud
684 2295 939 2340 Homerum
971 2292 1213 2356 lapidibus
1247 2293 1365 2341 bene
1399 2293 1664 2358 laevigatis*⁴
1735 2307 1738 2312 ’

315 2371 468 2418 nitere
484 2377 668 2418 tantum
686 2369 1034 2433 quinquaginta
1044 2368 1235 2417 thalami
1255 2369 1473 2419 dicantur
1488 2387 1500 2427 ;
1516 2386 1666 2435 quanq
1732 2410 1733 2414 ,

373 2574 387 2610 1
438 2569 599 2624 Eurip.‚
627 2569 800 2622 cyclops,
822 2582 859 2610 v,
887 2572 953 2609 181
976 2573 1016 2608 et
1032 2581 1118 2622 seq.

371 2634 405 2670 2.
437 2631 533 2669 Aen.
552 2628 627 2682 XI,
650 2634 739 2669 777.

368 2693 407 2729 3.
439 2690 534 2728 Aen.
560 2687 614 2738 ΙΙ,
637 2690 728 2727 504.

367 2752 405 2786 12.
438 2747 485 2786 ιι.
512 2747 582 2797 VI,
609 2751 698 2785 243.
