1758 2903
641 139 855 175 „93-

71 225 137 270 sis
163 223 352 286 quidem
383 225 566 287 mappis
612 224 752 271 rudes
791 224 860 271 illi
894 226 1081 272 Homeri
1121 226 1283 274 heroes
1325 244 1411 274 un-

71 317 212 364 quam
248 299 494 347 videantur
537 301 606 347 usi
631 301 794 347 fuisse.
837 302 937 363 Ipse
970 300 1170 365 denique
1201 306 1334 367 Iopas
1360 319 1413 350 ea

69 378 193 424 canit
218 393 339 440 quae
367 378 481 423 mire
514 393 623 424 cum
647 377 819 423 studiis
856 377 1150 425 eruditorum
1177 381 1409 428 Romano-

69 469 174 500 rum
198 461 333 516 atque
370 454 522 516 ipsius
547 451 730 516 Virgilii
776 462 1058 516 congruunt,
1100 456 1165 500 ita
1199 462 1250 502 ut
1285 463 1417 517 poeta

69 529 173 576 ideo
199 538 382 576 tantum
409 528 624 576 videatur
647 529 773 576 hunc
807 536 1046 576 cantorem
1082 529 1320 590 inducere,
1356 549 1416 579 ne

68 606 313 652 materiam
358 605 450 652 sibi
491 605 705 652 dilectam
760 622 813 653 ac
840 611 939 669 jam
983 606 1328 668 quodammodo
1366 609 1416 656 in

68 683 303 744 Georgicis
355 681 625 741 delibatam,
667 699 758 729 non
801 683 992 729 omnino
1040 683 1315 731 intentatam
1365 685 1415 732 in

69 759 264 805 Aeneide
290 758 544 822 relinquat.

133 836 261 889 Quae
299 851 448 896 quum
493 836 558 880 ita
596 836 707 892 sint,
767 834 954 897 rogabis
1003 850 1113 881 sane
1156 835 1412 897 quantulus

67 912 337 957 Homericae
359 911 609 957 imitationi
630 910 818 956 relictus
840 910 981 956 fuerit
998 909 1152 968 locus;
1180 912 1412 959 minimus

67 986 276 1047 quidem,
295 987 510 1045 fatemur,
531 995 797 1033 nontamen
815 986 1003 1033 silentio
1024 987 1412 1050 praetereundus.

66 1064 238 1125 Nempe
267 1065 388 1109 inter
416 1063 781 1109 combibendum
804 1064 1052 1110 invocatur
1077 1064 1256 1126 Jupiter
1284 1074 1326 1111 et
1353 1065 1417 1111 ita

67 1139 309 1185 invocatur
339 1148 388 1185 ut
409 1138 498 1185 deu
520 1159 548 1184 ii
582 1141 883 1186 Homericum
909 1156 1161 1202 agnoscas:

172 1237 377 1292 Juppiter,
404 1238 636 1293 hospitibus
661 1253 755 1278 nam
784 1246 819 1278 te
845 1238 1045 1291 darejura
1068 1240 1306 1293 loquuntur,

172 1303 290 1343 Hunc
313 1304 463 1343 laetum
487 1304 702 1358 Tyriisque
725 1305 832 1345 diem
857 1305 1057 1358 Trojaque
1077 1305 1268 1359 prosectis

172 1369 274 1408 Esse
297 1369 441 1409 velis¹.

129 1470 188 1515 Ut
212 1467 413 1514 formula
442 1488 464 1510 «
493 1483 592 1513 esse
618 1467 730 1514 velis
761 1488 780 1509 »
808 1468 949 1529 petita
977 1468 1037 1513 sit
1064 1483 1088 1513 e
1111 1467 1413 1514 consuetudi-

67 1543 208 1590 nibus
226 1545 473 1601 Romanis3
496 1545 654 1605 ipsum
671 1560 846 1590 morem
864 1545 986 1590 Jovis
1007 1545 1055 1590 in
1075 1545 1154 1590 tali
1178 1560 1226 1590 re
1250 1543 1416 1590 orandi

67 1620 124 1666 ab
150 1623 349 1667 Homero
375 1629 510 1683 poeta
544 1619 731 1667 videtur
754 1620 945 1667 duxisse
976 1636 985 1666 :

121 1720 291 1759 Ποντόνοε
301 1718 669 1773 (inquitAlCinous)
680 1751 689 1768 ‚
703 1724 815 1771 κρητῆ
823 1736 864 1771 ρα
883 1735 1156 1772 κερασσαμενος,
1169 1718 1254 1770 μέθυ
1268 1723 1390 1772 νεῖμον

117 1791 226 1822 πᾶσιν
252 1784 315 1821 ἀνὰ
339 1786 500 1836 μέγαρον,
515 1784 576 1822 ἵνα
594 1784 652 1823 καὶ
677 1786 735 1822 Διὶ
759 1786 1018 1837 τερπικερπιύνῳ

118 1850 323 1898 σπείσομεν,
343 1848 418 1886 ‹350’
435 1849 633 1895 ἱκέτῃσιν
659 1849 721 1898 ἅμ’
742 1850 982 1887 αἰδοίοισιν
1011 1850 1180 1896 ὀπηδεῖ.

67 1951 282 1996 Ceterum
341 1958 572 1997 memento
629 1958 806 2013 quanto
865 1957 1093 2013 apparatu
1151 1949 1275 2013 apud
1331 1952 1420 1997 Ro-

68 2041 232 2072 manos
260 2027 474 2073 convivia
498 2027 672 2073 instrui
705 2026 936 2085 solerent;
966 2026 1125 2072 confer
1154 2027 1422 2073 Lucretium

65 2103 236 2148 effusos
278 2119 468 2149 suorum
516 2104 783 2166 aequalium
830 2111 1048 2166 sumptus
1088 2107 1417 2166 arguentem23

67 2177 161 2224 huo
195 2178 369 2225 advoca
400 2181 673 2227 Petronium
722 2181 771 2226 in
817 2195 964 2226 coena
995 2179 1316 2225 Trimalcionis
1352 2179 1424 2225 de-

67 2254 312 2301 scribenda
339 2264 434 2302 tam
459 2257 734 2319 copiosum:
754 2257 907 2319 cogita
934 2254 1123 2302 tandem
1147 2272 1239 2302 non
1266 2257 1422 2317 Iopam

68 2331 269 2394 aliquem
309 2331 390 2378 sed
415 2331 605 2396 lyristen
631 2341 673 2381 et
702 2332 982 2380 comoedum
1017 2343 1097 2378 aut
1130 2332 1271 2378 etiam
1309 2347 1420 2377 san-

65 2408 251 2454 nionem
281 2424 333 2454 ac
378 2408 630 2456 choraulen
678 2410 727 2456 in
764 2409 970 2456 triclinia
1007 2408 1152 2454 solere
1206 2407 1365 2453 induci
1408 2423 1419 2453 :

65 2484 317 2547 Virgilium
342 2484 580 2549 Judicabis
608 2493 792 2533 tantum
826 2501 854 2533 a
891 2501 999 2533 suae
1038 2485 1204 2532 aetatis
1231 2484 1418 2531 luxuria

131 2630 163 2664 l.
196 2625 215 2664 I
258 2630 347 2664 731.

129 2689 165 2723 2.
199 2658 256 2723 Iie
280 2692 424 2724 natura
450 2699 597 2738 reruni,
623 2687 694 2737 IV⁷
727 2691 839 2726 1118.
