1758 2903
735 128 922 163 -9-

161 222 204 261 et
221 229 374 261 mores
395 228 502 259 cum
520 220 852 275 repraesentat,
871 213 1018 260 veluti
1041 212 1098 260 ad
1117 214 1262 260 Fauni
1286 214 1502 262 oracula:

160 299 204 337 et
241 290 381 338 bellis
418 288 703 343 indicendis,
748 309 769 330 t<
803 291 913 335 vina
947 298 1171 337 coronant
1200 311 1244 336 ι).
1286 311 1307 333 (ι
1332 292 1507 337 Nautae

158 365 400 429 puppibus
445 366 714 426 imposuere
749 381 946 413 coronas
983 387 1026 412 ».
1059 366 1175 413 Dido
1204 368 1251 413 in
1293 369 1506 414 convivio

159 442 276 488 libat
301 440 470 503 hospiti
495 441 616 498 Jovi,
655 456 746 486 non
788 441 906 488 bibit
932 457 942 487 ε
980 458 1080 487 mos
1114 441 1396 488 feminarum
1426 445 1508 489 Ro—

162 532 430 563 manarum.
460 518 561 563 Mos
587 517 831 579 operiendi
856 525 994 581 caput
1028 518 1078 562 in
1104 518 1264 563 sacris.
1299 520 1417 564 Aras
1441 527 1506 565 te-

161 591 324 652 nendi,
353 592 647 638 sacrificandi
674 593 860 639 Herculi
895 602 1021 639 extra
1047 596 1256 651 muros¹;
1286 594 1399 656 quia
1422 594 1507 640 fuit

155 684 299 732 paene
321 684 506 732 semper
518 670 816 731 peregrinus.
840 668 1044 715 Helenus
1063 671 1204 715 vittas
1222 669 1414 716 resolvit
1436 686 1507 716 sa-

157 747 271 791 crati
303 745 468 808 capitis
508 742 876 790 vaticinaturus²
905 765 948 790 2».
986 747 1103 791 Haec
1131 761 1243 792 vero
1280 747 1508 792 sententia

155 828 330 867 tantam
344 822 441 866 vim
456 827 555 866 tum
575 819 700 883 apud
721 820 881 867 doctos
901 820 1087 879 habuit,
1103 829 1196 866 tam
1215 821 1400 882 vulgata
1418 829 1502 878 est,

157 896 371 943 omnium
394 897 569 943 animis
597 904 689 942 tam
716 898 904 959 penitus
927 898 1083 956 insita,
1108 906 1157 943 ut
1179 899 1212 943 ii
1234 898 1323 960 ipsi
1350 898 1430 960 qui
1451 897 1507 944 de

154 974 300 1020 variis
320 974 488 1019 Romae
510 973 869 1035 antiquitatibus
889 974 1071 1021 libellos
1092 973 1376 1032 scribebant,
1395 991 1504 1021 auc—

155 1050 338 1096 toritate
351 1049 611 1112 Virgiliana
630 1065 952 1113 quaecumque
977 1066 1000 1096 e
1022 1052 1336 1097 monumentis
1361 1067 1504 1098 manu

155 1126 290 1171 factis
307 1133 390 1172 aut
406 1123 431 1172 e
449 1124 583 1171 libris
603 1128 878 1188 petiverant,
898 1127 1086 1173 firmare
1103 1143 1192 1174 non
1215 1126 1500 1174 dubitarent.

154 1202 274 1248 Satis
309 1202 416 1257 erit,
461 1201 661 1265 exempli
697 1203 874 1264 gratia,
912 1203 1201 1249 Brissonium
1238 1204 1501 1261 nominare,

154 1278 235 1340 qui
262 1279 310 1323 in
337 1294 476 1340 opere
501 1277 827 1337 celeberrimo,
857 1280 924 1324 De
948 1281 1152 1339 formulis
1182 1287 1222 1325 et
1244 1282 1503 1326 solemnibus

148 1356 307 1415 populi
340 1358 520 1401 romani
545 1356 710 1413 verbis,
748 1355 935 1418 Virgilii
966 1356 1250 1414 testimonio,
1278 1364 1502 1418 tanquam

147 1431 455 1492 jureconsulti
475 1430 722 1494 qu'usdam
745 1440 826 1478 aut
847 1431 1078 1488 historici,
1104 1431 1160 1478 ad
1180 1432 1322 1479 fidem
1343 1433 1502 1479 lectori

153 1505 415 1553 faciendam
451 1508 619 1563 utitur;
662 1523 757 1569 quo
792 1508 1026 1554 abstinere
1058 1518 1178 1555 certe
1213 1508 1436 1556 debuerat
1465 1511 1503 1556 si

154 1584 400 1645 Virgilium
413 1585 456 1630 in
473 1585 729 1631 Homericis
742 1585 955 1631 moribus
970 1584 1288 1633 describendis
1301 1594 1502 1632 tantum-

153 1659 292 1706 modo
318 1650 550 1706 atte'ntum
574 1661 718 1708 fuisse
743 1670 880 1724 atque
902 1670 1182 1724 occupatum
1205 1662 1498 1709 credidisset.

219 1737 376 1792 Quum
403 1737 459 1782 ad
485 1746 696 1800 tempora
717 1745 875 1783 nostra
899 1739 1095 1801 propius
1118 1739 1404 1795 accedimus,
1434 1740 1502 1785 vi-

156 1811 322 1859 demus
346 1812 623 1876 interpretes
654 1813 905 1877 plerosque
940 1815 1062 1860 inter
1096 1816 1419 1861 Tittmannum
1455 1825 1500 1862 et

153 1889 373 1951 antiquos
401 1890 650 1952 scriptores
671 1889 875 1936 medium
898 1891 1032 1952 quasi
1055 1890 1233 1954 aliquid
1255 1908 1497 1954 quaerere3

151 1965 320 2012 etenim
347 1965 460 2012 hinc
488 1966 537 2010 in
564 1966 773 2012 Aeneide
801 1977 893 2012 tam
917 1967 1042 2013 clara
1069 1967 1170 2014 luce
1207 1968 1500 2031 antiquitatis

153 2057 376 2088 romanae
416 2043 595 2105 species
625 2042 884 2106 praefulget
917 2052 968 2089 ut
1005 2044 1083 2106 qui
1118 2060 1218 2090 eam
1255 2061 1346 2090 non
1375 2045 1501 2108 aspi-

152 2119 256 2177 ciat,
277 2127 399 2164 recte
423 2118 670 2165 hebescere
695 2127 776 2166 aut
799 2120 939 2165 etiam
961 2121 1114 2167 oculis
1132 2122 1233 2183 capi
1248 2120 1495 2178 diceretur3

153 2194 284 2241 illinc
314 2204 488 2250 autem,
522 2212 672 2258 quum
709 2197 903 2243 materia
942 2196 1163 2243 Aeneidis
1202 2206 1296 2244 tota
1329 2197 1387 2244 ab
1423 2198 1501 2244 he·
1569 2212 1574 2216 ·

211 2328 245 2362 1.
277 2323 423 2364 Nescio
452 2337 572 2377 quem
603 2331 807 2364 auctorem
834 2332 996 2365 secutus
1025 2324 1149 2364 suerit.
1173 2325 1378 2378 Scaliger3
1403 2325 1502 2366 haec

155 2380 261 2420 enim
286 2381 370 2421 sola
400 2381 522 2422 habet
558 2383 721 2423 Servius
754 2385 804 2422 cul
836 2387 929 2424 Aen.
956 2385 1069 2434 VIII,
1100 2389 1169 2424 104
1195 2402 1216 2419 <t
1242 2392 1334 2424 ante
1356 2384 1500 2425 urbem

154 2440 379 2480 secundum
392 2442 604 2496 antiquum
618 2441 758 2482 situm.
773 2443 888 2482 Tunc
905 2443 1011 2482 enim
1024 2442 1157 2482 brevis
1169 2443 1311 2483 civitas
1325 2443 1468 2484 fuerat.
1478 2463 1498 2479 >2

209 2504 246 2539 2.
290 2499 453 2539 Servius
490 2500 540 2540 ad
571 2502 647 2550 III,
681 2506 756 2541 370
784 2513 793 2540 ;
827 2520 848 2536 α
869 2503 978 2541 Bene
1014 2516 1108 2555 ergo
1141 2501 1321 2542 Helenus
1359 2510 1502 2543 cuncta

154 2558 333 2611 corporis
351 2558 492 2608 solvit;
519 2573 568 2598 ne
591 2574 671 2613 qua
691 2566 803 2614 parte
827 2561 964 2600 animo
985 2560 1154 2613 religato
1181 2561 1229 2600 ad
1258 2575 1410 2601 numen
1431 2576 1499 2602 ac.-

153 2616 268 2656 cedat
285 2635 323 2657 ³2.
349 2618 433 2658 Hoc
456 2632 546 2658 vero
560 2619 755 2658 Romanis
776 2619 977 2672 peculiare
997 2618 1123 2659 fuisse
1147 2620 1319 2674 scriptor
1343 2622 1498 2660 Roma-

156 2688 298 2716 narum
316 2690 451 2716 rerum
469 2676 681 2729 indagator
704 2685 824 2731 atque
848 2692 995 2732 auceps
1020 2693 1098 2718 non
1123 2678 1420 2719 animadvertit.
