1758 2903
876 99 1090 134 ..78-

309 187 434 235 Nihil
448 183 676 248 ejusmodi
689 181 812 247 apud
824 185 1079 230 Homerum
1091 183 1308 242 occurrit,
1327 184 1544 247 quamvis
1557 199 1652 231 non
1732 230 1750 242 „

309 279 413 311 raro
439 262 613 309 Fluviis
639 275 826 322 quoque
856 260 904 306 in
934 258 1190 307 humanam
1223 260 1387 307 faciem
1420 261 1655 308 conversis
1696 266 1702 270 “
1740 246 1751 323 ’ζ’

309 354 557 403 personam
578 336 868 400 imposuerit.
897 335 1025 384 Unde
1047 336 1193 399 igitur
1216 335 1331 384 haec
1349 335 1483 384 duxit
1502 337 1661 401 Virgi-.
1715 351 1718 353 ’
1747 327 1751 333 ⁴

311 415 440 462 lius?
466 414 664 460 Fictores
690 411 864 459 scilicet
888 419 932 458 et
957 411 1159 475 pictores
1183 411 1368 459 videtur
1391 412 1656 460 aemulatus

310 490 470 548 fuisse,
491 490 572 553 qui
591 498 634 535 et
649 504 824 536 cornua
840 496 884 535 et
901 487 1074 534 lineam
1087 495 1262 535 vestem
1278 496 1322 535 et
1344 489 1654 536 arundineam

311 582 530 614 coronam
555 563 852 623 fluminibuS‚
878 571 930 611 ut
953 579 1007 611 ex
1033 563 1457 612 innumerabilibus
1484 580 1659 612 monu-

313 643 484 689 mentis
508 649 707 700 constat,
730 639 842 687 dare
868 639 1060 687 solent¹.
1090 639 1223 696 Quod
1247 656 1374 701 vem,
1402 642 1589 702 Cybelen
1612 647 1659 688 et

313 720 526 765 turritam
553 725 595 764 et
620 733 647 763 a
670 716 884 763 leonibus
925 724 1103 763 vectam
1144 724 1281 780 poeta
1319 715 1559 776 describit,
1587 717 1656 763 ita

313 795 503 857 vulgata
525 802 594 841 est
617 794 666 840 in
685 794 800 840 artis
821 793 1043 856 operibus
1069 793 1180 840 haec
1206 794 1364 858 imago
1385 802 1436 840 ut
1453 792 1512 840 ad
1533 791 1660 855 quod
1727 804 1730 813 ’

313 872 610 935 potissimum
635 870 853 918 lectorem
879 885 1053 927 vocem,
1081 885 1228 932 paene
1252 869 1498 930 haeream3
1530 885 1663 934 prae·
1734 919 1738 927 ,

314 947 437 996 clara
467 955 620 993 tamen
651 952 720 993 est
748 945 829 992 illa
854 945 1022 1009 Cybele
1044 947 1215 993 Romae
1250 947 1296 992 in
1333 947 1453 994 atrio
1487 945 1659 994 domus

316 1023 567 1072 cardinalis
605 1022 752 1069 Caesii
788 1029 969 1084 reperta
1000 1032 1044 1068 et
1074 1038 1100 1068 a
1129 1024 1327 1070 Grutero
1355 1021 1617 1086 descripta’
1646 1037 1658 1070 ε
1739 1077 1749 1083 ,

319 1121 341 1143 «
370 1099 540 1163 Cybele
567 1099 662 1144 sive
687 1097 818 1144 Idaea
852 1100 1053 1145 Deorum
1082 1106 1230 1145 mater
1251 1099 1419 1146 turrita
1443 1100 1492 1145 in
1518 1115 1662 1146 curru
1745 1151 1750 1161 ,

317 1175 482 1224 sedens
508 1191 535 1221 a
561 1175 774 1221 leonibus
802 1173 986 1221 vehitur
1009 1174 1170 1222 dextra
1196 1175 1348 1239 spicas
1387 1190 1553 1239 gerens
1578 1175 1666 1222 mi·
1741 1174 1750 1234 f

317 1253 548 1316 liumque,
579 1252 769 1298 sinistra
794 1259 1071 1315 tympanum
1096 1260 1260 1298 tenens
1297 1272 1340 1299 ».
1366 1253 1665 1316 Tympanum
1735 1254 1752 1318 5'v

319 1344 523 1392 quoque,
546 1336 598 1375 ut
621 1343 716 1374 non
739 1328 788 1373 in
815 1343 1005 1375 manum
1027 1327 1136 1375 deae
1160 1326 1360 1384 dederit,
1383 1330 1450 1374 ita
1473 1329 1669 1376 retinuit
1753 1367 1755 1371 ,

318 1414 472 1452 tamen
505 1404 744 1467 Virgilius,
782 1420 892 1450 cum
929 1405 1173 1452 Numanus
1203 1405 1328 1452 inter
1363 1404 1456 1453 alia
1489 1405 1666 1470 quibus
1742 1411 1749 1427 ’·

317 1483 538 1546 Trojanos
565 1482 789 1544 increpat,
815 1479 928 1527 haec
948 1483 1067 1545 jacit
1090 1499 1101 1527 z
1727 1461 1754 1595 ἓ

1708 1588 1745 1620 ¹ir

427 1586 639 1640 Tympana
655 1598 725 1625 vos
737 1583 951 1639 buxusque
974 1591 1118 1626 vocant
1140 1583 1411 1639 Berecynthia
1430 1584 1574 1625 matris

427 1651 570 1691 Idaeae
583 1651 614 1691 ³.

1742 1613 1753 1635 ε

1732 1778 1738 1785 ’
1724 1630 1750 1727 λεί-19·

321 1744 445 1802 Quid
476 1744 632 1792 dicam
658 1743 714 1791 de
739 1744 819 1791 illa
844 1743 1042 1807 eleganti
1068 1759 1122 1791 ac
1147 1743 1333 1804 vivida,
1360 1743 1442 1792 sed
1469 1744 1667 1792 minime

320 1822 566 1869 Homerica
588 1822 754 1868 Bacchi
776 1819 1087 1883 descriptione
1105 1819 1128 1865 *Ρ

426 1926 512 1966 Nec
533 1925 606 1980 qui
624 1924 853 1979 pampineis
871 1924 997 1965 victor
1014 1925 1114 1979 juga
1136 1923 1262 1965 flectit
1286 1924 1458 1965 habenis

426 1989 552 2030 Liber
567 2003 693 2043 agens
710 1989 816 2031 celso
839 1989 972 2042 Nysae
997 1987 1045 2029 de
1067 1989 1216 2029 vertice
1237 1988 1406 2043 tigres⁴.

323 2167 371 2212 in
396 2166 619 2224 nummis,
642 2167 691 2213 in
709 2166 968 2228 sepulchris
992 2165 1276 2229 quibusdam
1301 2167 1456 2215 adhuc
1477 2170 1673 2232 conspi-

325 2258 424 2290 cere
446 2242 592 2290 licet⁸.
613 2242 737 2299 Quid
759 2242 884 2306 quod
905 2243 1056 2303 Scylla
1079 2263 1099 2285 «
1123 2243 1327 2306 pulchro
1345 2253 1528 2308 pectore
1539 2246 1673 2310 virgo

449 2407 508 2450 Cs.
531 2408 579 2450 O.
601 2408 769 2462 Mulier,
792 2411 946 2450 Handb.
966 2412 1005 2451 d.
1027 2412 1164 2462 Arch„
1184 2412 1214 2466 S
1235 2417 1327 2454 409.

410 2500 419 2509 .
450 2469 634 2517 luserim.
671 2470 832 2521 latinae,
863 2468 920 2522 pl.
941 2470 1112 2511 XXVII.

1727 1730 1738 1774 ἰ’

1724 1778 1752 1964 ξ

322 2090 554 2137 Nimirum
574 2089 652 2137 ille
671 2089 881 2137 Bacchus
907 2098 976 2136 est
993 2105 1131 2152 quem
1149 2090 1197 2136 in
1216 2105 1434 2139 vasorum
1453 2091 1669 2155 picturis,

383 2414 417 2450 l.

380 2473 402 2507 2

381 2531 420 2567 3.
451 2527 641 2578 Aen.1X‚
668 2531 759 2570 619.
1723 2487 1749 2590 ἔ

382 2590 404 2624 4
1726 2592 1746 2632 θ’.

384 2650 404 2682 5

411 2615 421 2685 i
452 2586 807 2698 sclezingJgIfioeogm
829 2646 892 2686 cles
906 2648 1048 2698 antiq,
1072 2654 1144 2688 art.
1168 2647 1365 2700 Bacchus,
1387 2660 1429 2702 p.
1455 2651 1547 2688 622.
1570 2645 1680 2689 G’est
1723 2635 1747 2798 ξ

1742 1763 1748 1775 1

1743 2600 1747 2614 l

1744 2716 1747 2726 r
