1758 2903
906 108 1115 142 ..96-

336 196 561 257 primum,
592 209 741 256 quum
778 193 872 240 duo
912 208 1153 239 sacrorum
1189 191 1481 238 infernorum
1508 207 1682 256 genera

335 277 511 328 essent,
543 285 691 316 unum
728 270 1107 332 necyomanciae,
1138 267 1333 315 alterum
1357 268 1680 327 sciomantiae‘,

335 345 562 409 Virgilius
597 345 685 392 hoc
726 345 782 392 ab
818 348 1016 392 Homero
1055 349 1154 409 jam
1200 352 1464 403 tractatum,
1507 345 1682 392 omisso

335 438 534 485 prorsus
555 422 716 479 altero,
748 430 792 469 et
817 423 919 485 ipse
946 421 1184 468 describit.
1207 423 1303 467 Hoc
1331 420 1501 469 deinde
1524 437 1684 485 precor

337 499 548 545 attendas
564 500 749 546 Aenean
780 508 920 561 atque
941 498 1172 561 Ulyssem,
1199 498 1244 542 in
1266 512 1397 544 sacro
1422 494 1682 561 peragendo

337 574 493 638 gladio
521 575 604 629 uti,
633 574 761 621 hunc
793 574 982 637 quidem
1011 581 1062 620 ut
1093 573 1303 620 scrobem
1328 574 1524 636 aperiat,
1549 573 1681 620 illum

339 659 390 698 ut
417 651 596 698 hostias
619 651 855 709 iinmolet3
888 661 989 698 tum
1024 650 1194 697 sterilis
1223 665 1409 712 quoque
1446 665 1609 698 vaccae
1633 651 1684 697 in

338 731 535 775 Homero
560 729 660 775 fieri
689 729 1006 786 mentionem3
1029 735 1127 774 tum
1153 725 1536 773 consuetudinem
1554 726 1684 773 illam

338 815 487 852 saetas
528 806 576 851 in
626 807 781 868 ignem
821 803 1119 865 conjiciendi,
1171 811 1224 850 ut
1272 819 1363 849 non
1410 803 1467 850 ab
1519 802 1683 850 eodem

341 881 574 945 Odysseae
608 881 725 937 loco,
759 883 822 927 ita
868 881 925 927 ab
960 884 1155 928 Homero
1195 880 1521 943 depromptam
1547 889 1684 944 atque

338 958 507 1004 iisdem
536 974 681 1021 paene
708 958 863 1004 verbis
890 973 1162 1020 expressam
1187 957 1352 1003 videri.
1378 956 1466 1005 Sed
1491 957 1680 1021 longius

336 1035 512 1082 librum
536 1034 824 1081 evolvamus.

404 1114 452 1157 ln
475 1112 724 1166 ‚vestibulo
757 1113 863 1158 Orci
908 1110 1191 1157 offendimus
1226 1119 1269 1156 et
1309 1108 1601 1157 Discordiam
1643 1118 1688 1157 et

336 1187 520 1234 Bellum
543 1197 587 1234 et
600 1190 779 1234 Famem
793 1196 836 1233 et
850 1189 1105 1250 Egestatem
1120 1195 1163 1233 et
1182 1189 1326 1234 Curas
1347 1187 1552 1246 ultrices,
1567 1201 1686 1250 quae

339 1265 553 1322 numina,
582 1279 727 1324 quum
751 1263 871 1309 nihil
907 1264 1002 1309 sint
1037 1263 1127 1309 nisi
1158 1264 1230 1309 vis
1263 1279 1423 1309 rerum
1459 1262 1685 1324 quaedam
1754 1269 1758 1274 “

338 1342 541 1386 Deorum
580 1357 749 1386 nomfn
791 1339 1030 1394 ominem,
1067 1348 1193 1386 aetas
1229 1342 1428 1386 Homero
1456 1340 1686 1403 posterior

339 1417 639 1479 excogitavit;
685 1437 706 1458 «
747 1417 868 1462 mala
911 1417 1080 1462 mentis
1119 1416 1290 1478 gaudia
1325 1436 1346 1458 »
1391 1416 1682 1479 praesertim,

340 1508 486 1554 quum
510 1492 567 1538 ab
591 1492 747 1541 alijua
772 1493 1057 1554 sapientium
1086 1492 1294 1539 doctrina
1317 1491 1563 1538 videantur
1587 1507 1688 1538 esse

338 1570 559 1630 profecta,
590 1578 712 1615 certe
740 1570 787 1614 in
812 1569 1070 1614 Homericis
1095 1569 1255 1615 inseris
1281 1585 1435 1631 neque
1469 1569 1517 1614 in
1555 1567 1685 1615 aditu

340 1660 492 1707 neque
535 1645 649 1691 alibi
698 1647 916 1708 reperias.
960 1644 1095 1700 Quod
1140 1655 1296 1691 autem
1326 1652 1370 1691 et
1395 1645 1612 1692 Centauri
1643 1651 1688 1691 et
1734 1636 1737 1640 ¹

339 1722 519 1785 Scyllae
544 1721 765 1768 biformes
788 1730 835 1767 et
866 1722 1078 1767 Briareus
1104 1731 1148 1768 et
1166 1724 1347 1786 Geryon
1372 1729 1417 1768 et
1437 1722 1684 1768 Lernensis

338 1798 487 1862 hydra
511 1810 554 1844 et
574 1799 813 1845 Chimaera
833 1807 875 1844 et
895 1801 1130 1861 Gorgones
1154 1807 1197 1845 et
1218 1801 1427 1862 Harpyae
1452 1798 1586 1845 nobis
1607 1814 1687 1845 oc-

338 1883 550 1933 currunt,
581 1876 801 1937 quamvis
833 1875 959 1937 apud
986 1877 1236 1921 Homerum
1276 1885 1355 1921 aut
1390 1874 1520 1921 nul'o
1547 1874 1688 1921 modo
1753 1902 1758 1915 ι

340 1961 671 2008 memorentur,
707 1960 789 1998 aut
829 1953 875 1997 in
903 1951 1030 1997 nulla
1055 1951 1245 2012 quidem
1271 1960 1400 2014 parte
1429 1950 1687 1998 inferorum
1746 1944 1758 1961 ’

336 2030 510 2074 versari
530 2029 760 2087 dicantur,
775 2037 929 2074 tamen
945 2028 1076 2074 vides
1094 2035 1295 2091 poetam,
1311 2036 1362 2074 ut
1376 2043 1469 2075 non
1492 2028 1687 2074 sortasse
1748 2047 1750 2049 ’

340 2104 397 2150 ab
418 2104 606 2150 heroica
633 2106 930 2167 antiquitate,
955 2105 1019 2150 ita
1042 2114 1164 2151 certe
1188 2121 1213 2150 a
1241 2106 1412 2152 Graeca
1435 2104 1688 2167 eademque

339 2181 655 2226 remotissima
677 2180 854 2227 fabulas
882 2181 1092 2243 vulgatas
1116 2182 1374 2244 repetiisse.
1398 2183 1515 2245 Tum
1533 2189 1686 2239 potest

340 2257 572 2319 quaedam
601 2257 905 2321 philosophia
931 2259 976 2304 in
1004 2259 1091 2305 hoc
1113 2259 1371 2321 virgiliano
1398 2257 1497 2304 loeo
1518 2258 1684 2321 depre—

339 2333 481 2379 hendi
504 2352 516 2392 ;
541 2334 636 2396 jam
686 2336 873 2381 Servius
924 2334 978 2381 de
1003 2336 1247 2382 Centauris
1292 2333 1640 2382 stabulantibus
1668 2349 1680 2380 :

1719 2213 1758 2343 ’.μ

339 2409 458 2456 bene
485 2412 722 2471 inferibus
750 2412 859 2472 quia
894 2428 947 2456 ea
986 2427 1100 2473 quae
1133 2420 1293 2458 contra
1333 2419 1549 2458 naturam
1580 2426 1683 2474 pos·

341 2495 451 2531 sunt
493 2490 658 2545 creari,
696 2488 850 2533 statim
893 2497 1106 2551 pereunt.
1154 2491 1215 2534 De
1257 2489 1456 2551 Harpyis
1494 2496 1678 2535 autem:
1748 2525 1751 2529 .

342 2570 421 2608 aut
453 2557 785 2624 jttm‘occisas,
826 2565 995 2626 inquit,
1034 2564 1276 2627 int-llige:
1312 2572 1410 2622 aut,
1447 2564 1683 2610 secundum
1735 2579 1738 2582 ’

343 2640 565 2685 Platonem
617 2649 654 2686 cl
694 2642 830 2699 alios,
871 2642 1135 2698 simulacra,
1183 2642 1286 2688 licet
1334 2641 1557 2700 vivarum,
1586 2639 1683 2686 illic
1727 2691 1743 2706 ,Δ
