1758 2903
609 194 819 230 -97-

41 279 205 326 fuisse.
233 281 348 326 Nam
374 277 537 324 dicunt
569 294 659 324 esse
686 281 882 325 omnium
907 295 1059 326 rerum
1090 279 1213 325 ideas
1249 294 1386 340 quas-

43 358 164 414 dam,
198 358 232 402 i.
265 371 305 401 e.
342 356 582 415 imaqines,
613 357 672 401 ad
706 371 894 415 quaram
921 356 1261 402 similitudinem
1282 371 1388 415 pro-

45 439 253 478 creantur
277 433 551 478 universa».
582 434 709 487 Quae
732 447 841 478 vero
862 434 1050 479 Servius
1069 430 1125 477 de
1144 433 1389 479 Centauris

43 508 336 571 Harpyisque
361 506 489 564 dicit,
511 523 564 553 ea
586 507 644 553 de
672 508 776 554 aliis
804 508 1030 554 monstris
1053 506 1142 553 dici
1166 508 1349 569 possint
1373 523 1383 553 :

46 582 214 639 OrcuS‚
243 579 378 642 quasi
410 595 567 626 rerum
600 580 812 625 inanium
838 579 986 638 sedes,
1025 596 1050 625 a
1088 589 1222 642 poeta
1247 580 1388 627 habe·

45 663 149 712 tur3
178 672 252 703 res
277 671 387 703 vero
417 655 579 702 inanes
603 656 651 701 in
690 655 784 702 duo
818 671 988 718 genera
1024 655 1287 718 distinguit,
1312 671 1389 702 eas

45 733 223 780 scilicet
257 748 373 796 quas
406 748 537 779 mens
585 732 792 778 humana
832 733 1133 795 excogitavit,
1166 732 1298 791 illas,
1338 741 1391 780 ut

41 811 253 857 virorum
279 810 546 866 simulacra,
583 825 704 872 quae
737 808 852 854 olim
886 809 1002 855 vitae
1033 809 1223 855 fuerunt
1251 811 1391 873 parti-

45 888 176 950 cipes
209 901 222 931 :
257 885 437 948 priores
467 887 514 931 in
541 885 644 947 ipso
670 885 777 931 Orci
806 884 988 943 limine,
1023 893 1246 947 tanquam
1289 902 1390 932 um-

46 964 154 1011 bras
174 961 469 1017 umbrarum,
496 969 548 1008 ut
573 961 638 1008 ita
676 960 847 1020 dicam,
878 961 1033 1024 ponit;
1063 961 1112 1008 in
1137 961 1240 1024 ipso
1270 964 1389 1009 Orco

47 1038 343 1102 posteriores.

111 1113 292 1162 Charon
317 1130 410 1161 non
441 1113 625 1161 videtur
640 1117 819 1160 Aeneae
847 1122 1054 1178 tempore
1076 1119 1176 1178 Jam
1205 1115 1393 1162 Graecis

46 1202 184 1240 notus
209 1191 373 1248 fuisse;
405 1189 484 1238 sed
530 1208 675 1254 quum
712 1190 838 1253 apud
869 1191 1178 1256 Aeschylum,
1206 1193 1391 1256 Euripi—

44 1268 153 1316 dem
175 1278 218 1315 et
238 1267 599 1331 Aristophanem
625 1283 802 1314 numen
832 1268 917 1314 hoc
946 1277 1232 1315 memoretur
1254 1271 1391 1332 quasi

39 1349 142 1407 jam
167 1344 380 1392 Herculis
414 1360 466 1390 ac
498 1344 660 1390 Thesei
695 1359 808 1390 aevo
834 1343 1163 1391 defunctorum
1200 1345 1394 1392 umbras

48 1420 217 1484 cymba
243 1430 372 1467 trans
407 1422 596 1484 Stygem
621 1422 845 1478 vexisset,
883 1436 1032 1483 quum
1071 1436 1180 1468 vero
1213 1430 1394 1468 mature

48 1497 97 1543 in
120 1496 347 1560 religione
361 1498 570 1544 Romana
598 1497 734 1558 quasi
761 1497 950 1543 civitate
979 1495 1206 1543 donatum
1232 1497 1390 1556 fuerit,

47 1573 291 1637 Virgilius,
332 1572 418 1620 deo
454 1573 502 1619 in
537 1588 725 1619 carmen
769 1581 978 1637 recepto,
1013 1574 1395 1621 commenticiam

47 1649 376 1711 antiquitatem
401 1649 628 1711 sequitur,
662 1666 745 1697 nec
766 1666 791 1696 a
818 1653 1024 1698 Romana
1059 1650 1304 1698 deflectit¹.
1332 1652 1396 1697 De

48 1726 248 1774 Cerbero
276 1725 402 1772 idem
426 1726 521 1773 fere
551 1725 679 1772 dicas
704 1746 716 1786 3
759 1728 840 1790 qui
877 1743 1113 1790 nusquam
1141 1726 1268 1790 apud
1304 1730 1396 1774 Ho-

49 1818 228 1849 merum
276 1803 565 1859 nominatur,
608 1801 688 1848 sed
735 1811 915 1849 mature
946 1819 973 1849 a
1014 1805 1160 1867 poetis
1209 1804 1395 1850 Graecis

48 1879 183 1942 quasi
210 1879 319 1925 Orci
340 1879 515 1942 janitor
543 1878 730 1925 habitus
755 1887 841 1926 est.

115 1958 234 2003 Tum
267 1970 375 2002 vero
406 1956 559 2002 Aenea
589 1957 771 2001 animas
797 1955 855 2001 ad
884 1956 1034 2019 ripam
1063 1965 1399 2003 concurrentes

49 2031 313 2079 admirante
351 2046 607 2093 causasque
640 2033 924 2094 requirente,
965 2032 1144 2096 Sibylla
1178 2049 1231 2080 ea
1259 2033 1400 2080 verba

49 2109 272 2156 habuisse
297 2106 443 2154 fertur
469 2125 480 2153 ι

127 2210 266 2266 Cocyti
289 2217 433 2265 stagna
452 2211 531 2252 alta
548 2213 660 2253 vides
679 2212 946 2267 Stygiamque
966 2212 1157 2267 paludem

128 2277 183 2318 Di
205 2278 321 2331 cujus
341 2278 470 2330 jurare
490 2277 636 2318 timent
658 2284 697 2318 et
718 2277 855 2317 fallere
875 2292 1027 2318 numen

128 2343 239 2382 Haec
261 2340 408 2393 omnis,
422 2355 544 2396 quam
561 2342 691 2382 cernis
703 2343 823 2398 inops
844 2342 1137 2397 inhumataque
1154 2342 1274 2383 turba
1290 2350 1371 2394 est3

129 2405 307 2447 Portitor
327 2405 397 2447 ille
415 2406 664 2449 Char0n2....
686 2414 761 2448 etc.

107 2569 142 2604 1.
179 2565 292 2605 Serv.
321 2564 372 2606 ad
403 2570 493 2605 392.
515 2583 536 2600 «
555 2567 724 2606 Lectum
749 2573 810 2606 est
832 2567 875 2606 in
903 2568 1067 2617 Orpheo,
1091 2566 1215 2620 quod,
1239 2565 1400 2619 quando

50 2623 246 2688 Hercules
265 2623 316 2663 ad
339 2622 488 2664 inferos
511 2624 735 2676 descendit,
756 2623 915 2666 Charon
943 2625 1110 2665 territus
1141 2638 1234 2665 cum
1262 2624 1398 2664 statim

53 2688 247 2736 suscepit.
281 2702 300 2718 >³

108 2746 145 2782 2.
178 2742 249 2793 VI,
273 2747 364 2783 323.
