1758 2903
647 159 857 194 -53—

77 260 262 307 quoque
295 243 441 291 excoli
476 244 662 306 nequit¹
693 262 738 289 ».
767 245 956 303 Verum,
985 245 1025 290 si
1051 244 1274 308 Virgilius
1305 244 1420 290 nihil

79 322 169 366 nisi
190 323 395 367 Romana
411 320 568 367 lectori
590 319 888 383 praetendere
913 320 1128 379 voluerit,
1151 321 1273 368 unde
1300 321 1349 367 fit
1374 328 1424 367 ut

78 397 482 452 consuetudinem,
515 412 633 459 quae
665 395 787 459 apud
816 399 1048 443 Romanos
1077 413 1318 459 nunquam
1343 413 1423 443 ex—

76 473 165 518 coli
193 472 395 531 deberet,
431 474 480 519 in
518 489 703 518 carmen
737 472 1088 535 importaverit?
1125 472 1243 519 Illud
1270 481 1420 519 autem

74 549 264 611 gravius
291 568 302 595 :
333 550 537 607 Servius,
576 565 668 611 quo
701 556 809 595 teste
840 549 1088 596 Lerschius
1121 565 1306 611 semper
1336 550 1425 595 uti-
1485 602 1491 607 ⁵

75 631 167 682 tur,
200 625 445 687 aliquoties
474 633 646 682 tamen,
677 633 729 670 ut
759 624 815 670 de
847 625 1008 686 legatis
1035 624 1358 683 admittendis,
1380 634 1424 669 et

74 700 131 746 de
158 702 345 748 victima
368 701 425 747 ad
453 700 617 747 foedus
651 699 911 746 feriendum
940 699 1130 754 delecta,
1161 708 1321 746 nostro
1350 701 1422 745 in-

74 778 263 839 terpreti
303 777 462 823 deesse
501 784 640 838 atque
681 777 815 822 etiam
861 776 1176 823 contradicere
1214 776 1418 823 videtur.

72 855 246 916 Nempe
270 853 327 899 ad
351 853 437 900 hos
460 853 642 916 Virgilii
671 868 831 899 versus
854 868 864 898 :

739 968 813 1009 Ille
836 968 942 1008 intra
961 975 1066 1008 tecta
1092 969 1225 1009 vocari

258 1035 436 1089 Imperat
461 1041 500 1074 et
517 1033 618 1074 solio
639 1033 799 1074 medius
820 1033 994 1074 considit
1013 1033 1117 1074 avito
1129 1036 1158 1087 ²,

69 1150 259 1196 adnotat
297 1149 482 1196 Servius
515 1165 526 1195 :
569 1169 590 1190 «
634 1149 861 1194 Dissentit
896 1148 985 1194 hoc
1023 1148 1122 1195 loco
1157 1165 1181 1195 e
1217 1151 1425 1197 Romana

69 1225 424 1273 consuetudine.
442 1228 560 1272 Nam
584 1225 721 1287 legati
748 1225 787 1270 si
810 1223 997 1285 quando
1019 1225 1243 1288 incogniti
1265 1226 1423 1272 venire

71 1304 415 1360 nuntiarentur,
446 1303 599 1365 primo
626 1301 742 1362 quid
766 1300 938 1346 vellent
963 1302 1020 1347 ab
1047 1301 1421 1363 exploratoribus

71 1378 414 1442 requirebatur,
443 1387 547 1441 post
569 1378 625 1424 ad
645 1393 723 1423 eos
743 1377 1100 1440 egrediebantur
1120 1379 1421 1441 magistratus

71 1457 292 1511 minoreS,
312 1464 355 1501 et
378 1464 486 1500 tunc
503 1454 688 1500 demum
716 1465 902 1500 senatus
925 1462 1053 1499 extra
1075 1454 1237 1500 urbem
1265 1465 1422 1518 postu-

70 1532 162 1578 lata
186 1532 424 1589 noscebat,
452 1542 496 1576 vt
516 1533 577 1577 ita
594 1533 629 1576 si
649 1532 801 1576 visum
823 1531 980 1576 suisset
995 1530 1357 1578 admittebantur
1376 1552 1418 1578 υ.

72 1609 332 1667 Lerschius,
363 1609 444 1671 qui
472 1607 528 1653 ad
557 1608 701 1653 Servii
731 1609 958 1669 argutias,
988 1610 1170 1669 quoties
1197 1613 1296 1671 ejus
1322 1625 1422 1671 pro-

72 1685 224 1748 posito
253 1685 424 1743 favent,
464 1684 693 1746 confugit,
731 1683 808 1729 hic
843 1685 1216 1747 grammaticum,
1245 1687 1423 1732 omissa

69 1763 197 1809 omni
230 1761 545 1825 disputatione
577 1779 598 1806 ((
635 1761 917 1822 argutiorem
948 1762 1140 1807 sortasse
1173 1778 1314 1825 quam
1344 1778 1421 1809 ve·

69 1855 193 1896 rum,
222 1856 243 1882 ))
271 1854 369 1884 esse
395 1838 687 1900 pronuntiat.
717 1838 804 1883 Nec
847 1838 994 1900 magis
1038 1838 1191 1884 verbis
1229 1839 1377 1885 Servii
1407 1854 1417 1884 ε

75 1934 96 1960 ((
125 1917 244 1961 Sane
269 1931 398 1961 ovem
420 1916 593 1961 Graeco
623 1930 746 1960 more
774 1913 946 1960 soederi
972 1913 1206 1972 adhibuit,
1226 1933 1247 1959 »
1273 1916 1420 1978 impe-

71 1992 196 2038 ditus
221 1991 418 2037 haesitat
438 1990 681 2036 Lerschius
710 2006 719 2036 ε
756 2011 776 2033 «
800 1993 953 2036 Potest
981 2002 1130 2052 poeta,
1155 1992 1327 2055 inquit,
1350 1992 1422 2039 vel

73 2085 127 2115 ex
178 2070 372 2131 antiquo
420 2067 541 2114 libro
590 2067 847 2129 pontificali
904 2069 1236 2114 caerimoniam
1282 2069 1420 2115 talem

72 2161 227 2202 nosse,
261 2145 334 2191 vel
373 2144 490 2191 duos
529 2144 876 2190 diversissimos
910 2144 1108 2206 populos
1150 2156 1308 2192 notare
1342 2162 1423 2191 vo-

71 2222 236 2281 luisse,
254 2221 450 2268 alterum
465 2225 599 2283 cujus
620 2236 758 2282 porca
780 2221 968 2284 signum
985 2230 1069 2278 est,
1093 2223 1417 2284 Trnjanorum,

72 2298 271 2344 alterum
290 2299 366 2344 cui
392 2298 492 2344 ovis
514 2299 576 2343 sit
596 2296 842 2349 destinata,
867 2296 939 2343 vel
958 2296 1117 2343 foedus
1139 2298 1201 2343 ita
1220 2307 1422 2360 patrasse

75 2384 126 2420 ut
146 2374 389 2432 infectum,
414 2373 460 2420 id
483 2384 553 2419 est
573 2390 664 2419 non
689 2375 776 2419 rite
797 2374 1050 2436 perfectum
1072 2374 1238 2420 talium
1264 2392 1418 2421 rerum

73 2467 220 2514 gnaro
245 2452 400 2497 visum
424 2452 506 2497 sit³
534 2470 577 2495 ».
609 2450 790 2506 Quibus
811 2467 835 2497 e
861 2455 1016 2498 causis
1043 2451 1194 2498 tribus
1220 2452 1421 2500 secunde.

134 2596 167 2634 1.
199 2590 530 2642 Lersch.,AnLiq.
557 2591 586 2642 g,
611 2596 674 2629 52.

130 2655 166 2690 2.
201 2651 330 2700 Serv.‚
353 2652 404 2689 ad
423 2653 518 2689 Aen.
542 2649 633 2700 VII,
660 2654 743 2689 168.

129 2716 165 2749 3.
201 2709 383 2759 Lcrsch.,
407 2711 540 2759 Antiq.
561 2709 590 2760 ὃ
612 2716 675 2747 54.
