1758 2903
638 76 875 111 —113—

83 160 204 206 roico
250 175 361 207 aevo
397 159 614 207 videntur
656 177 799 222 quae,
848 160 964 207 bello
1007 167 1164 224 capta,
1212 161 1426 209 militaris

83 235 266 281 virtutis
313 235 448 297 quasi
493 236 702 298 praemia
755 244 944 298 possent
989 237 1165 286 haberi.
1225 236 1428 301 Suincit

89 317 245 374 poeta,

215 432 268 472 Et
286 432 467 488 tripodas
487 433 687 486 geminos,
713 433 801 473 auri
820 433 899 474 duo
921 448 1068 488 magna
1088 434 1255 489 talenta,

215 496 379 538 Cratera
402 498 615 552 antiquum
636 511 757 553 quem
781 497 850 538 dat
870 498 1038 540 Sidonia
1059 499 1164 541 Dido
1178 506 1206 539 ¹.

84 616 365 679 HuJusmodi
386 616 518 664 vides
541 633 639 665 esse
663 633 860 664 munera
888 633 1007 680 quae
1034 616 1206 666 Achilli
1228 620 1286 666 ad
1312 620 1431 667 iram

85 692 173 738 viri
200 692 585 756 compescendam
607 709 659 739 ac
682 693 897 756 gratiam,
923 695 964 740 si
992 696 1155 758 possit,
1178 697 1437 743 conciliau-

84 768 193 815 dam
216 768 455 815 osferenda
472 770 797 832 Agamemnon
819 778 966 817 curat.
994 770 1096 817 Alia
1116 788 1222 818 vero
1242 772 1302 819 ad
1322 773 1436 820 haec

86 840 319 889 accedunt
349 856 363 892 ε,

221 975 267 1016 Si
287 989 381 1016 vero
399 989 541 1031 capere
559 975 722 1016 Italiam
743 983 983 1032 sceptroque
1002 978 1126 1032 potiri

221 1040 449 1095 Contigeris:
469 1042 613 1082 victori
633 1048 672 1082 et
695 1042 866 1097 praedae
890 1042 1035 1083 ducere
1056 1049 1222 1095 sortem,

221 1105 374 1148 Vidisti
391 1120 472 1162 quo
489 1106 655 1147 Turnus
676 1121 794 1161 equo,
813 1107 966 1161 quibus
988 1107 1076 1149 ibat
1094 1108 1138 1148 in
1158 1108 1283 1150 armis
1298 1111 1328 1150 ².

88 1233 206 1278 Haec
224 1231 376 1278 omnia
399 1230 458 1278 ad
477 1232 765 1294 antiquitatis
784 1231 991 1279 heroicae
1012 1233 1216 1295 speciem
1237 1232 1440 1280 describi

90 1317 227 1371 atque
247 1309 491 1355 informari
518 1309 593 1354 vix
614 1316 682 1355 est
705 1308 832 1372 quod
856 1308 1161 1368 admonea¹n3
1183 1309 1441 1371 spoliorum

91 1385 235 1444 enim,
253 1392 302 1431 ut
323 1384 478 1431 videre
504 1392 591 1443 est,
614 1392 719 1447 post
744 1401 952 1448 pugnan
979 1384 1029 1431 fit
1066 1385 1270 1432 εοιίἰῑίο3
1289 1401 1299 1432 :
1319 1386 1441 1432 exci-

92 1462 221 1524 pitur
236 1469 391 1508 autem
406 1469 458 1508 ut
471 1466 565 1524 jam
580 1461 762 1508 heroico
786 1477 896 1508 aevo
918 1477 1027 1525 pars
1043 1470 1164 1509 certa
1183 1478 1299 1526 quae
1316 1462 1445 1509 duci-

93 1537 183 1584 bus
221 1545 302 1585 aut
333 1538 509 1602 optime
547 1537 603 1585 de
637 1554 687 1585 re
722 1537 912 1601 publica
940 1540 1117 1585 meritis
1151 1540 1439 1604 assignatur.

93 1616 228 1674 Quod
262 1633 372 1676 vero
406 1633 558 1680 equus
580 1618 724 1663 Turni
748 1618 861 1665 Niso
887 1619 1209 1680 promittitur,
1241 1620 1445 1682 praeivit

93 1695 324 1741 Homerus
349 1693 474 1756 apud
499 1709 640 1756 quem
681 1696 845 1742 Hector
886 1711 933 1742 se
969 1711 1161 1742 currum
1198 1712 1443 1759 equosque

93 1770 291 1817 Achillis
310 1770 478 1817 Doloni
506 1770 728 1817 daturum
758 1771 806 1817 in
832 1787 879 1817 re
908 1771 1030 1818 haud
1060 1771 1284 1818 dissimili
1307 1772 1443 1835 polii-

93 1848 263 1894 cetur‘.
294 1847 409 1903 Quis
433 1862 543 1893 vero
568 1855 701 1909 neget
725 1863 947 1911 campum
971 1847 1108 1894 illum
1139 1848 1308 1906 Latini,
1337 1864 1445 1895 eum

97 1923 205 1970 dem
231 1938 329 1970 esse
354 1938 408 1969 ac
434 1926 618 1986 τέμενος,
644 1939 793 1987 quum
817 1924 1006 1971 Servius
1032 1924 1146 1987 ipse,
1173 1925 1254 1987 qui
1278 1926 1446 1972 Roma-

96 2016 206 2047 nam
244 1999 490 2057 historiam
528 2015 638 2046 cum
673 2000 945 2064 Virgilianis
988 2000 1285 2048 carminibus
1324 2017 1445 2048 nun-

96 2091 239 2140 quam
264 2091 357 2122 non
375 2076 570 2134 confert,
595 2075 670 2122 hic
691 2077 938 2139 repetitum
961 2093 1013 2123 ex
1036 2076 1225 2125 heroico
1247 2085 1447 2141 tempore

97 2169 238 2200 usum
285 2153 541 2218 agnoscat?
578 2155 695 2200 Haec
730 2160 887 2201 tamen
939 2156 1245 2218 quantumvis
1304 2155 1448 2202 multa

159 2334 193 2371 1.
225 2330 297 2383 IX,
325 2335 416 2370 265.

153 2394 193 2428 2.
223 2390 319 2430 Aen.
343 2389 414 2441 IX,
439 2394 530 2429 257.

155 2453 192 2487 3.
222 2447 357 2487 Etiam
383 2448 561 2502 captivae
586 2455 625 2488 et
647 2448 754 2503 apud
787 2449 1010 2489 Homerum
1034 2456 1074 2489 ct
1096 2449 1203 2504 apud
1228 2450 1448 2503 Virgilium

100 2513 207 2547 sorte
226 2512 319 2560 post
341 2506 495 2546 bollum
515 2507 733 2548 trahuntur
757 2508 1057 2563 victoribusque
1083 2508 1360 2563 assignantur.
1386 2507 1448 2549 Cf.

106 2569 198 2607 Aen.
220 2566 296 2616 ΙΙΙ,
324 2571 414 2606 323.

161 2631 198 2666 4.
233 2626 277 2664 ιι.
298 2626 347 2676 Χ,
374 2630 463 2664 322.

1222 2703 1242 2737 8
