<?xml version="1.0" encoding="UTF-8"?>
<!DOCTYPE html PUBLIC "-//W3C//DTD XHTML 1.0 Transitional//EN"
    "http://www.w3.org/TR/xhtml1/DTD/xhtml1-transitional.dtd">
<html xmlns="http://www.w3.org/1999/xhtml" xml:lang="en" lang="en">
 <head>
  <title>
</title>
<meta http-equiv="Content-Type" content="text/html;charset=utf-8" />
  <meta name='ocr-system' content='tesseract 3.04.00' />
  <meta name='ocr-capabilities' content='ocr_page ocr_carea ocr_par ocr_line ocrx_word'/>
</head>
<body>
  <div class='ocr_page' id='page_1' title='image "./demorumindoleinv00bouguoft_0171.png"; bbox 0 0 1758 2903; ppageno 0'>
   <div class='ocr_carea' id='block_1_1' title="bbox 674 183 911 218">
    <p class='ocr_par' dir='ltr' id='par_1_1' title="bbox 674 183 911 218">
     <span class='ocr_line' id='line_1_1' title="bbox 674 183 911 218; baseline 0 0"><span class='ocrx_word' id='word_1_1' title='bbox 674 183 911 218; x_wconf 78' lang='lat'>—145-</span> 
     </span>
    </p>
   </div>
   <div class='ocr_carea' id='block_1_2' title="bbox 65 266 1517 2506">
    <p class='ocr_par' dir='ltr' id='par_1_2' title="bbox 120 266 1464 718">
     <span class='ocr_line' id='line_1_2' title="bbox 123 266 1459 333; baseline 0.001 -19"><span class='ocrx_word' id='word_1_2' title='bbox 123 269 216 315; x_wconf 87' lang='lat' dir='ltr'>nia.</span> <span class='ocrx_word' id='word_1_3' title='bbox 255 266 457 329; x_wconf 81' lang='lat' dir='ltr'>Deinde,</span> <span class='ocrx_word' id='word_1_4' title='bbox 495 284 642 331; x_wconf 91' lang='lat' dir='ltr'>quum</span> <span class='ocrx_word' id='word_1_5' title='bbox 686 269 891 316; x_wconf 86' lang='lat' dir='ltr'>sciamus</span> <span class='ocrx_word' id='word_1_6' title='bbox 915 270 1145 316; x_wconf 90' lang='lat' dir='ltr'>Romanos</span> <span class='ocrx_word' id='word_1_7' title='bbox 1186 284 1214 315; x_wconf 89' lang='lat' dir='ltr'>a</span> <span class='ocrx_word' id='word_1_8' title='bbox 1249 270 1459 333; x_wconf 74' lang='lat' dir='ltr'>TroJanis</span> 
     </span>
     <span class='ocr_line' id='line_1_3' title="bbox 120 344 1461 410; baseline 0 -18"><span class='ocrx_word' id='word_1_9' title='bbox 120 344 345 393; x_wconf 90' lang='lat' dir='ltr'>oriundos</span> <span class='ocrx_word' id='word_1_10' title='bbox 369 360 488 401; x_wconf 85' lang='lat' dir='ltr'>esse,</span> <span class='ocrx_word' id='word_1_11' title='bbox 512 345 699 393; x_wconf 83' lang='lat' dir='ltr'>Latinos</span> <span class='ocrx_word' id='word_1_12' title='bbox 723 361 835 392; x_wconf 86' lang='lat' dir='ltr'>vero</span> <span class='ocrx_word' id='word_1_13' title='bbox 860 361 969 393; x_wconf 87' lang='lat' dir='ltr'>cum</span> <span class='ocrx_word' id='word_1_14' title='bbox 999 346 1207 410; x_wconf 76' lang='lat' dir='ltr'>TroJanis</span> <span class='ocrx_word' id='word_1_15' title='bbox 1238 346 1287 392; x_wconf 92' lang='lat' dir='ltr'>in</span> <span class='ocrx_word' id='word_1_16' title='bbox 1310 362 1461 393; x_wconf 91' lang='lat' dir='ltr'>unum</span> 
     </span>
     <span class='ocr_line' id='line_1_4' title="bbox 120 421 1463 485; baseline 0 -15"><span class='ocrx_word' id='word_1_17' title='bbox 120 421 370 482; x_wconf 78' lang='lat' dir='ltr'><strong>coaluisse,</strong></span> <span class='ocrx_word' id='word_1_18' title='bbox 422 438 516 469; x_wconf 91' lang='lat' dir='ltr'>non</span> <span class='ocrx_word' id='word_1_19' title='bbox 566 422 795 470; x_wconf 75' lang='lat' dir='ltr'>miramur</span> <span class='ocrx_word' id='word_1_20' title='bbox 838 423 878 470; x_wconf 94' lang='lat' dir='ltr'>si</span> <span class='ocrx_word' id='word_1_21' title='bbox 930 438 1045 485; x_wconf 89' lang='lat' dir='ltr'>quas</span> <span class='ocrx_word' id='word_1_22' title='bbox 1102 422 1463 472; x_wconf 89' lang='lat' dir='ltr'>consuetudines</span> 
     </span>
     <span class='ocr_line' id='line_1_5' title="bbox 121 499 1460 565; baseline 0.001 -18"><span class='ocrx_word' id='word_1_23' title='bbox 121 506 415 564; x_wconf 83' lang='lat' dir='ltr'>posterorum</span> <span class='ocrx_word' id='word_1_24' title='bbox 452 499 550 562; x_wconf 89' lang='lat' dir='ltr'>jam</span> <span class='ocrx_word' id='word_1_25' title='bbox 573 515 601 547; x_wconf 92' lang='lat' dir='ltr'>a</span> <span class='ocrx_word' id='word_1_26' title='bbox 626 499 883 563; x_wconf 88' lang='lat' dir='ltr'>maj0ribus</span> <span class='ocrx_word' id='word_1_27' title='bbox 908 506 1157 565; x_wconf 88' lang='lat' dir='ltr'>usurpatas</span> <span class='ocrx_word' id='word_1_28' title='bbox 1181 501 1460 565; x_wconf 75' lang='lat' dir='ltr'>reperimus·</span> 
     </span>
     <span class='ocr_line' id='line_1_6' title="bbox 124 576 1464 643; baseline 0.001 -20"><span class='ocrx_word' id='word_1_29' title='bbox 124 576 246 633; x_wconf 83' lang='lat' dir='ltr'>Quin</span> <span class='ocrx_word' id='word_1_30' title='bbox 260 578 418 638; x_wconf 87' lang='lat' dir='ltr'>etiam,</span> <span class='ocrx_word' id='word_1_31' title='bbox 437 592 521 625; x_wconf 89' lang='lat' dir='ltr'>nos</span> <span class='ocrx_word' id='word_1_32' title='bbox 533 580 665 641; x_wconf 78' lang='lat' dir='ltr'>Juvat</span> <span class='ocrx_word' id='word_1_33' title='bbox 680 577 859 624; x_wconf 77' lang='lat' dir='ltr'>futurae</span> <span class='ocrx_word' id='word_1_34' title='bbox 873 577 1056 626; x_wconf 89' lang='lat' dir='ltr'>arboris</span> <span class='ocrx_word' id='word_1_35' title='bbox 1070 584 1149 626; x_wconf 88' lang='lat' dir='ltr'>aut</span> <span class='ocrx_word' id='word_1_36' title='bbox 1169 578 1313 626; x_wconf 87' lang='lat' dir='ltr'>silvae</span> <span class='ocrx_word' id='word_1_37' title='bbox 1330 579 1464 643; x_wconf 84' lang='lat' dir='ltr'>quasi</span> 
     </span>
     <span class='ocr_line' id='line_1_7' title="bbox 123 654 1277 718; baseline 0.002 -17"><span class='ocrx_word' id='word_1_38' title='bbox 123 655 175 701; x_wconf 92' lang='lat' dir='ltr'>in</span> <span class='ocrx_word' id='word_1_39' title='bbox 203 655 379 702; x_wconf 89' lang='lat' dir='ltr'>semine</span> <span class='ocrx_word' id='word_1_40' title='bbox 398 662 611 702; x_wconf 86' lang='lat' dir='ltr'>naturam</span> <span class='ocrx_word' id='word_1_41' title='bbox 635 670 687 701; x_wconf 89' lang='lat' dir='ltr'>ac</span> <span class='ocrx_word' id='word_1_42' title='bbox 708 654 898 702; x_wconf 83' lang='lat' dir='ltr'>virtutes</span> <span class='ocrx_word' id='word_1_43' title='bbox 916 654 1277 718; x_wconf 79' lang='lat' dir='ltr'>deprehendere.</span> 
     </span>
    </p>

    <p class='ocr_par' dir='ltr' id='par_1_3' title="bbox 65 731 1517 2506">
     <span class='ocr_line' id='line_1_8' title="bbox 190 731 1468 796; baseline 0.002 -16"><span class='ocrx_word' id='word_1_44' title='bbox 190 734 286 780; x_wconf 88' lang='lat' dir='ltr'>Hoc</span> <span class='ocrx_word' id='word_1_45' title='bbox 311 732 458 796; x_wconf 85' lang='lat' dir='ltr'>igitur</span> <span class='ocrx_word' id='word_1_46' title='bbox 487 748 572 796; x_wconf 91' lang='lat' dir='ltr'>pro</span> <span class='ocrx_word' id='word_1_47' title='bbox 601 731 840 794; x_wconf 83' lang='lat' dir='ltr'>explorato</span> <span class='ocrx_word' id='word_1_48' title='bbox 876 731 1149 780; x_wconf 87' lang='lat' dir='ltr'>habendum</span> <span class='ocrx_word' id='word_1_49' title='bbox 1180 741 1264 794; x_wconf 88' lang='lat' dir='ltr'>est,</span> <span class='ocrx_word' id='word_1_50' title='bbox 1295 742 1468 782; x_wconf 84' lang='lat' dir='ltr'>statum</span> 
     </span>
     <span class='ocr_line' id='line_1_9' title="bbox 127 808 1467 874; baseline 0.001 -17"><span class='ocrx_word' id='word_1_51' title='bbox 127 809 380 874; x_wconf 85' lang='lat' dir='ltr'>quemdam</span> <span class='ocrx_word' id='word_1_52' title='bbox 403 824 564 858; x_wconf 90' lang='lat' dir='ltr'>rerum</span> <span class='ocrx_word' id='word_1_53' title='bbox 590 810 639 857; x_wconf 93' lang='lat' dir='ltr'>in</span> <span class='ocrx_word' id='word_1_54' title='bbox 653 809 843 873; x_wconf 80' lang='lat' dir='ltr'>Virgilio</span> <span class='ocrx_word' id='word_1_55' title='bbox 867 808 1084 871; x_wconf 82' lang='lat' dir='ltr'>describi,</span> <span class='ocrx_word' id='word_1_56' title='bbox 1101 827 1184 859; x_wconf 92' lang='lat' dir='ltr'>nec</span> <span class='ocrx_word' id='word_1_57' title='bbox 1204 814 1467 859; x_wconf 83' lang='lat' dir='ltr'>Romanum</span> 
     </span>
     <span class='ocr_line' id='line_1_10' title="bbox 128 888 1470 948; baseline -0.001 -12"><span class='ocrx_word' id='word_1_58' title='bbox 128 889 319 937; x_wconf 90' lang='lat' dir='ltr'>omnino</span> <span class='ocrx_word' id='word_1_59' title='bbox 338 905 424 938; x_wconf 86' lang='lat' dir='ltr'>nec</span> <span class='ocrx_word' id='word_1_60' title='bbox 445 891 693 948; x_wconf 86' lang='lat' dir='ltr'>Graecum,</span> <span class='ocrx_word' id='word_1_61' title='bbox 708 904 874 935; x_wconf 90' lang='lat' dir='ltr'>rursus</span> <span class='ocrx_word' id='word_1_62' title='bbox 889 904 974 936; x_wconf 90' lang='lat' dir='ltr'>nec</span> <span class='ocrx_word' id='word_1_63' title='bbox 989 888 1204 936; x_wconf 89' lang='lat' dir='ltr'>Italicum</span> <span class='ocrx_word' id='word_1_64' title='bbox 1220 905 1304 935; x_wconf 92' lang='lat' dir='ltr'>nec</span> <span class='ocrx_word' id='word_1_65' title='bbox 1321 889 1470 935; x_wconf 89' lang='lat' dir='ltr'>heroi-</span> 
     </span>
     <span class='ocr_line' id='line_1_11' title="bbox 127 965 1470 1032; baseline -0.003 -16"><span class='ocrx_word' id='word_1_66' title='bbox 127 983 255 1028; x_wconf 86' lang='lat' dir='ltr'>cum,</span> <span class='ocrx_word' id='word_1_67' title='bbox 285 967 367 1016; x_wconf 90' lang='lat' dir='ltr'>sed</span> <span class='ocrx_word' id='word_1_68' title='bbox 397 968 479 1032; x_wconf 91' lang='lat' dir='ltr'>qui</span> <span class='ocrx_word' id='word_1_69' title='bbox 513 967 646 1030; x_wconf 85' lang='lat' dir='ltr'>quasi</span> <span class='ocrx_word' id='word_1_70' title='bbox 682 965 868 1013; x_wconf 88' lang='lat' dir='ltr'>medius</span> <span class='ocrx_word' id='word_1_71' title='bbox 899 966 1019 1014; x_wconf 91' lang='lat' dir='ltr'>inter</span> <span class='ocrx_word' id='word_1_72' title='bbox 1054 968 1309 1013; x_wconf 83' lang='lat' dir='ltr'>Romanam</span> <span class='ocrx_word' id='word_1_73' title='bbox 1340 966 1470 1012; x_wconf 88' lang='lat' dir='ltr'>illam</span> 
     </span>
     <span class='ocr_line' id='line_1_12' title="bbox 65 1043 1467 1111; baseline -0.003 -17"><span class='ocrx_word' id='word_1_74' title='bbox 65 1047 67 1049; x_wconf 69' lang='grc'><strong>’</strong></span> <span class='ocrx_word' id='word_1_75' title='bbox 128 1044 504 1111; x_wconf 85' lang='lat' dir='ltr'>magnitudinem</span> <span class='ocrx_word' id='word_1_76' title='bbox 537 1052 583 1093; x_wconf 83' lang='lat' dir='ltr'>et</span> <span class='ocrx_word' id='word_1_77' title='bbox 609 1044 848 1092; x_wconf 86' lang='lat' dir='ltr'>heroicam</span> <span class='ocrx_word' id='word_1_78' title='bbox 888 1043 1236 1108; x_wconf 86' lang='lat' dir='ltr'>simplicitatem</span> <span class='ocrx_word' id='word_1_79' title='bbox 1268 1043 1467 1090; x_wconf 79' lang='lat' dir='ltr'>intersit.</span> 
     </span>
     <span class='ocr_line' id='line_1_13' title="bbox 129 1121 1472 1188; baseline -0.003 -16"><span class='ocrx_word' id='word_1_80' title='bbox 129 1126 301 1183; x_wconf 86' lang='lat' dir='ltr'>Quare,</span> <span class='ocrx_word' id='word_1_81' title='bbox 340 1139 488 1188; x_wconf 91' lang='lat' dir='ltr'>quum</span> <span class='ocrx_word' id='word_1_82' title='bbox 524 1121 714 1186; x_wconf 85' lang='lat' dir='ltr'>explosa</span> <span class='ocrx_word' id='word_1_83' title='bbox 758 1121 894 1170; x_wconf 85' lang='lat' dir='ltr'>fuerit</span> <span class='ocrx_word' id='word_1_84' title='bbox 919 1137 1083 1169; x_wconf 90' lang='lat' dir='ltr'>eorum</span> <span class='ocrx_word' id='word_1_85' title='bbox 1125 1122 1354 1169; x_wconf 82' lang='lat' dir='ltr'>sententia</span> <span class='ocrx_word' id='word_1_86' title='bbox 1389 1121 1472 1185; x_wconf 92' lang='lat' dir='ltr'>qui</span> 
     </span>
     <span class='ocr_line' id='line_1_14' title="bbox 129 1199 1473 1262; baseline -0.003 -13"><span class='ocrx_word' id='word_1_87' title='bbox 129 1202 288 1250; x_wconf 89' lang='lat' dir='ltr'>omnia</span> <span class='ocrx_word' id='word_1_88' title='bbox 312 1201 359 1248; x_wconf 86' lang='lat' dir='ltr'>in</span> <span class='ocrx_word' id='word_1_89' title='bbox 387 1199 592 1248; x_wconf 83' lang='lat' dir='ltr'>Aeneide</span> <span class='ocrx_word' id='word_1_90' title='bbox 615 1199 830 1247; x_wconf 87' lang='lat' dir='ltr'>heroicae</span> <span class='ocrx_word' id='word_1_91' title='bbox 855 1200 989 1247; x_wconf 89' lang='lat' dir='ltr'>aetati</span> <span class='ocrx_word' id='word_1_92' title='bbox 1015 1208 1324 1247; x_wconf 85' lang='lat' dir='ltr'>consentanea</span> <span class='ocrx_word' id='word_1_93' title='bbox 1349 1214 1473 1262; x_wconf 88' lang='lat' dir='ltr'>prae-</span> 
     </span>
     <span class='ocr_line' id='line_1_15' title="bbox 129 1275 1472 1343; baseline -0.004 -17"><span class='ocrx_word' id='word_1_94' title='bbox 129 1278 401 1338; x_wconf 81' lang='lat' dir='ltr'>dicaverint,</span> <span class='ocrx_word' id='word_1_95' title='bbox 429 1294 578 1343; x_wconf 91' lang='lat' dir='ltr'>quum</span> <span class='ocrx_word' id='word_1_96' title='bbox 615 1293 672 1325; x_wconf 90' lang='lat' dir='ltr'>ne</span> <span class='ocrx_word' id='word_1_97' title='bbox 711 1278 746 1324; x_wconf 91' lang='lat' dir='ltr'>ii</span> <span class='ocrx_word' id='word_1_98' title='bbox 782 1277 969 1341; x_wconf 88' lang='lat' dir='ltr'>quidem</span> <span class='ocrx_word' id='word_1_99' title='bbox 998 1277 1226 1341; x_wconf 83' lang='lat' dir='ltr'>probandi</span> <span class='ocrx_word' id='word_1_100' title='bbox 1261 1277 1358 1323; x_wconf 85' lang='lat' dir='ltr'>sint</span> <span class='ocrx_word' id='word_1_101' title='bbox 1389 1275 1472 1340; x_wconf 91' lang='lat' dir='ltr'>qui</span> 
     </span>
     <span class='ocr_line' id='line_1_16' title="bbox 130 1353 1475 1421; baseline -0.003 -17"><span class='ocrx_word' id='word_1_102' title='bbox 130 1356 267 1421; x_wconf 84' lang='lat' dir='ltr'>plura</span> <span class='ocrx_word' id='word_1_103' title='bbox 294 1356 519 1404; x_wconf 88' lang='lat' dir='ltr'>Romanis</span> <span class='ocrx_word' id='word_1_104' title='bbox 548 1354 778 1415; x_wconf 87' lang='lat' dir='ltr'>moribus,</span> <span class='ocrx_word' id='word_1_105' title='bbox 818 1354 899 1402; x_wconf 90' lang='lat' dir='ltr'>sed</span> <span class='ocrx_word' id='word_1_106' title='bbox 926 1355 1072 1402; x_wconf 83' lang='lat' dir='ltr'>multo</span> <span class='ocrx_word' id='word_1_107' title='bbox 1102 1355 1238 1419; x_wconf 87' lang='lat' dir='ltr'>plura</span> <span class='ocrx_word' id='word_1_108' title='bbox 1272 1353 1475 1401; x_wconf 87' lang='lat' dir='ltr'>heroicis</span> 
     </span>
     <span class='ocr_line' id='line_1_17' title="bbox 130 1431 1475 1498; baseline -0.002 -17"><span class='ocrx_word' id='word_1_109' title='bbox 130 1433 352 1482; x_wconf 80' lang='lat' dir='ltr'>tribuisse</span> <span class='ocrx_word' id='word_1_110' title='bbox 396 1433 648 1498; x_wconf 81' lang='lat' dir='ltr'>Virgilium</span> <span class='ocrx_word' id='word_1_111' title='bbox 683 1433 966 1492; x_wconf 82' lang='lat' dir='ltr'>censuerint,</span> <span class='ocrx_word' id='word_1_112' title='bbox 999 1432 1056 1479; x_wconf 92' lang='lat' dir='ltr'>iis</span> <span class='ocrx_word' id='word_1_113' title='bbox 1094 1448 1281 1496; x_wconf 88' lang='lat' dir='ltr'>quoque</span> <span class='ocrx_word' id='word_1_114' title='bbox 1312 1431 1475 1478; x_wconf 79' lang='lat' dir='ltr'>adver-</span> 
     </span>
     <span class='ocr_line' id='line_1_18' title="bbox 131 1509 1479 1574; baseline -0.003 -15"><span class='ocrx_word' id='word_1_115' title='bbox 131 1511 329 1559; x_wconf 89' lang='lat' dir='ltr'>sandum</span> <span class='ocrx_word' id='word_1_116' title='bbox 353 1526 455 1558; x_wconf 91' lang='lat' dir='ltr'>esse</span> <span class='ocrx_word' id='word_1_117' title='bbox 475 1510 659 1558; x_wconf 83' lang='lat' dir='ltr'>videtur</span> <span class='ocrx_word' id='word_1_118' title='bbox 699 1510 780 1574; x_wconf 90' lang='lat' dir='ltr'>qui</span> <span class='ocrx_word' id='word_1_119' title='bbox 819 1516 1026 1557; x_wconf 86' lang='lat' dir='ltr'>statuant</span> <span class='ocrx_word' id='word_1_120' title='bbox 1065 1509 1360 1574; x_wconf 85' lang='lat' dir='ltr'>«Virgilium</span> <span class='ocrx_word' id='word_1_121' title='bbox 1395 1524 1479 1572; x_wconf 92' lang='lat' dir='ltr'>per</span> 
     </span>
     <span class='ocr_line' id='line_1_19' title="bbox 132 1587 1479 1650; baseline 0 -16"><span class='ocrx_word' id='word_1_122' title='bbox 132 1587 385 1636; x_wconf 87' lang='lat' dir='ltr'>Aeneidem</span> <span class='ocrx_word' id='word_1_123' title='bbox 412 1604 505 1636; x_wconf 91' lang='lat' dir='ltr'>non</span> <span class='ocrx_word' id='word_1_124' title='bbox 528 1594 711 1635; x_wconf 86' lang='lat' dir='ltr'>tantum</span> <span class='ocrx_word' id='word_1_125' title='bbox 737 1588 784 1634; x_wconf 90' lang='lat' dir='ltr'>in</span> <span class='ocrx_word' id='word_1_126' title='bbox 811 1587 1119 1650; x_wconf 76' lang='lat' dir='ltr'>quibusdam,</span> <span class='ocrx_word' id='word_1_127' title='bbox 1147 1587 1228 1635; x_wconf 90' lang='lat' dir='ltr'>sed</span> <span class='ocrx_word' id='word_1_128' title='bbox 1257 1588 1306 1633; x_wconf 86' lang='lat' dir='ltr'>in</span> <span class='ocrx_word' id='word_1_129' title='bbox 1330 1588 1479 1634; x_wconf 92' lang='lat' dir='ltr'>omni-</span> 
     </span>
     <span class='ocr_line' id='line_1_20' title="bbox 131 1665 1474 1730; baseline -0.001 -16"><span class='ocrx_word' id='word_1_130' title='bbox 131 1665 221 1714; x_wconf 91' lang='lat' dir='ltr'>bus</span> <span class='ocrx_word' id='word_1_131' title='bbox 239 1682 267 1714; x_wconf 90' lang='lat' dir='ltr'>a</span> <span class='ocrx_word' id='word_1_132' title='bbox 288 1682 392 1714; x_wconf 88' lang='lat' dir='ltr'>vero</span> <span class='ocrx_word' id='word_1_133' title='bbox 412 1665 711 1714; x_wconf 88' lang='lat' dir='ltr'>heroicorum</span> <span class='ocrx_word' id='word_1_134' title='bbox 739 1674 1004 1730; x_wconf 88' lang='lat' dir='ltr'>temporum</span> <span class='ocrx_word' id='word_1_135' title='bbox 1023 1665 1188 1714; x_wconf 87' lang='lat' dir='ltr'>habitu</span> <span class='ocrx_word' id='word_1_136' title='bbox 1207 1665 1474 1722; x_wconf 85' lang='lat' dir='ltr'>recessisse,</span> 
     </span>
     <span class='ocr_line' id='line_1_21' title="bbox 133 1742 1478 1808; baseline -0.001 -16"><span class='ocrx_word' id='word_1_137' title='bbox 133 1751 178 1792; x_wconf 88' lang='lat' dir='ltr'>et</span> <span class='ocrx_word' id='word_1_138' title='bbox 211 1744 536 1808; x_wconf 87' lang='lat' dir='ltr'>posteriorem,</span> <span class='ocrx_word' id='word_1_139' title='bbox 569 1743 618 1791; x_wconf 90' lang='lat' dir='ltr'>id</span> <span class='ocrx_word' id='word_1_140' title='bbox 658 1750 743 1804; x_wconf 80' lang='lat' dir='ltr'>est,</span> <span class='ocrx_word' id='word_1_141' title='bbox 769 1745 1085 1792; x_wconf 86' lang='lat' dir='ltr'>Romanarum</span> <span class='ocrx_word' id='word_1_142' title='bbox 1115 1742 1285 1791; x_wconf 90' lang='lat' dir='ltr'>harum</span> <span class='ocrx_word' id='word_1_143' title='bbox 1322 1758 1478 1791; x_wconf 90' lang='lat' dir='ltr'>rerum</span> 
     </span>
     <span class='ocr_line' id='line_1_22' title="bbox 137 1822 1478 1886; baseline -0.001 -16"><span class='ocrx_word' id='word_1_144' title='bbox 137 1823 371 1871; x_wconf 85' lang='lat' dir='ltr'>notionem</span> <span class='ocrx_word' id='word_1_145' title='bbox 398 1823 667 1871; x_wconf 88' lang='lat' dir='ltr'>observasse</span> <span class='ocrx_word' id='word_1_146' title='bbox 691 1843 734 1868; x_wconf 86' lang='lat'>&gt;›.</span> <span class='ocrx_word' id='word_1_147' title='bbox 776 1824 927 1879; x_wconf 85' lang='lat' dir='ltr'>Quam</span> <span class='ocrx_word' id='word_1_148' title='bbox 956 1822 1162 1870; x_wconf 88' lang='lat' dir='ltr'>Lerschii</span> <span class='ocrx_word' id='word_1_149' title='bbox 1189 1823 1478 1886; x_wconf 85' lang='lat' dir='ltr'>opinionem,</span> 
     </span>
     <span class='ocr_line' id='line_1_23' title="bbox 137 1898 1481 1965; baseline -0.001 -17"><span class='ocrx_word' id='word_1_150' title='bbox 137 1899 347 1965; x_wconf 87' lang='lat' dir='ltr'>quidam,</span> <span class='ocrx_word' id='word_1_151' title='bbox 378 1900 564 1948; x_wconf 89' lang='lat' dir='ltr'>fallente</span> <span class='ocrx_word' id='word_1_152' title='bbox 601 1900 694 1947; x_wconf 87' lang='lat' dir='ltr'>viri</span> <span class='ocrx_word' id='word_1_153' title='bbox 728 1899 955 1961; x_wconf 88' lang='lat' dir='ltr'>doctrina,</span> <span class='ocrx_word' id='word_1_154' title='bbox 995 1899 1151 1947; x_wconf 90' lang='lat' dir='ltr'>nescio</span> <span class='ocrx_word' id='word_1_155' title='bbox 1185 1915 1278 1963; x_wconf 94' lang='lat' dir='ltr'>quo</span> <span class='ocrx_word' id='word_1_156' title='bbox 1323 1898 1481 1946; x_wconf 86' lang='lat' dir='ltr'>studio</span> 
     </span>
     <span class='ocr_line' id='line_1_24' title="bbox 137 1975 1482 2042; baseline -0.001 -18"><span class='ocrx_word' id='word_1_157' title='bbox 137 1978 333 2042; x_wconf 85' lang='lat' dir='ltr'>antiqua</span> <span class='ocrx_word' id='word_1_158' title='bbox 355 1976 565 2041; x_wconf 86' lang='lat' dir='ltr'>undique</span> <span class='ocrx_word' id='word_1_159' title='bbox 589 1977 802 2038; x_wconf 87' lang='lat' dir='ltr'>eruendi,</span> <span class='ocrx_word' id='word_1_160' title='bbox 840 1977 1022 2025; x_wconf 87' lang='lat' dir='ltr'>occulta</span> <span class='ocrx_word' id='word_1_161' title='bbox 1043 1975 1283 2041; x_wconf 90' lang='lat' dir='ltr'>retegendi</span> <span class='ocrx_word' id='word_1_162' title='bbox 1315 1976 1482 2023; x_wconf 90' lang='lat' dir='ltr'>obcae-</span> 
     </span>
     <span class='ocr_line' id='line_1_25' title="bbox 137 2053 1477 2118; baseline -0.001 -16"><span class='ocrx_word' id='word_1_163' title='bbox 137 2062 287 2115; x_wconf 87' lang='lat' dir='ltr'>cante,</span> <span class='ocrx_word' id='word_1_164' title='bbox 308 2062 476 2102; x_wconf 87' lang='lat' dir='ltr'>temere</span> <span class='ocrx_word' id='word_1_165' title='bbox 497 2055 642 2102; x_wconf 87' lang='lat' dir='ltr'>secuti</span> <span class='ocrx_word' id='word_1_166' title='bbox 659 2061 792 2102; x_wconf 88' lang='lat' dir='ltr'>sunt:</span> <span class='ocrx_word' id='word_1_167' title='bbox 819 2075 842 2099; x_wconf 88' lang='lat'>«</span> <span class='ocrx_word' id='word_1_168' title='bbox 863 2056 1065 2114; x_wconf 85' lang='lat' dir='ltr'>Constat,</span> <span class='ocrx_word' id='word_1_169' title='bbox 1079 2053 1236 2118; x_wconf 83' lang='lat' dir='ltr'>inquit</span> <span class='ocrx_word' id='word_1_170' title='bbox 1255 2053 1477 2112; x_wconf 78' lang='lat' dir='ltr'>Muffius&#39;,</span> 
     </span>
     <span class='ocr_line' id='line_1_26' title="bbox 140 2132 1482 2195; baseline -0.002 -15"><span class='ocrx_word' id='word_1_171' title='bbox 140 2135 187 2180; x_wconf 87' lang='lat' dir='ltr'>in</span> <span class='ocrx_word' id='word_1_172' title='bbox 231 2133 421 2182; x_wconf 90' lang='lat' dir='ltr'>Homeri</span> <span class='ocrx_word' id='word_1_173' title='bbox 461 2132 753 2181; x_wconf 87' lang='lat' dir='ltr'>carminibus</span> <span class='ocrx_word' id='word_1_174' title='bbox 797 2133 922 2181; x_wconf 83' lang='lat' dir='ltr'>vitae</span> <span class='ocrx_word' id='word_1_175' title='bbox 965 2132 1181 2180; x_wconf 86' lang='lat' dir='ltr'>heroicae</span> <span class='ocrx_word' id='word_1_176' title='bbox 1215 2147 1482 2195; x_wconf 81' lang='lat' dir='ltr'>expressam</span> 
     </span>
     <span class='ocr_line' id='line_1_27' title="bbox 140 2209 1517 2275; baseline -0.001 -18"><span class='ocrx_word' id='word_1_177' title='bbox 140 2211 407 2273; x_wconf 87' lang='lat' dir='ltr'>imaginem,</span> <span class='ocrx_word' id='word_1_178' title='bbox 437 2218 602 2259; x_wconf 87' lang='lat' dir='ltr'>contra</span> <span class='ocrx_word' id='word_1_179' title='bbox 624 2210 671 2258; x_wconf 92' lang='lat' dir='ltr'>in</span> <span class='ocrx_word' id='word_1_180' title='bbox 697 2210 883 2275; x_wconf 87' lang='lat' dir='ltr'>Virgilii</span> <span class='ocrx_word' id='word_1_181' title='bbox 926 2209 1132 2258; x_wconf 89' lang='lat' dir='ltr'>Aeneide</span> <span class='ocrx_word' id='word_1_182' title='bbox 1154 2217 1197 2257; x_wconf 88' lang='lat' dir='ltr'>et</span> <span class='ocrx_word' id='word_1_183' title='bbox 1220 2209 1484 2273; x_wconf 88' lang='lat' dir='ltr'>priscorum</span> <span class='ocrx_word' id='word_1_184' title='bbox 1515 2214 1517 2216; x_wconf 81' lang='grc'><strong>’</strong></span> 
     </span>
     <span class='ocr_line' id='line_1_28' title="bbox 140 2285 1485 2352; baseline -0.004 -16"><span class='ocrx_word' id='word_1_185' title='bbox 140 2295 184 2336; x_wconf 85' lang='lat' dir='ltr'>et</span> <span class='ocrx_word' id='word_1_186' title='bbox 216 2288 472 2335; x_wconf 89' lang='lat' dir='ltr'>recentium</span> <span class='ocrx_word' id='word_1_187' title='bbox 509 2288 671 2352; x_wconf 87' lang='lat' dir='ltr'>populi</span> <span class='ocrx_word' id='word_1_188' title='bbox 712 2287 907 2336; x_wconf 89' lang='lat' dir='ltr'>Romani</span> <span class='ocrx_word' id='word_1_189' title='bbox 944 2302 1130 2335; x_wconf 90' lang='lat' dir='ltr'>morum</span> <span class='ocrx_word' id='word_1_190' title='bbox 1158 2285 1358 2350; x_wconf 88' lang='lat' dir='ltr'>effigiem</span> <span class='ocrx_word' id='word_1_191' title='bbox 1384 2300 1485 2332; x_wconf 91' lang='lat' dir='ltr'>esse</span> 
     </span>
     <span class='ocr_line' id='line_1_29' title="bbox 139 2363 1486 2429; baseline 0 -17"><span class='ocrx_word' id='word_1_192' title='bbox 139 2365 348 2413; x_wconf 84' lang='lat' dir='ltr'>relictam</span> <span class='ocrx_word' id='word_1_193' title='bbox 370 2386 412 2412; x_wconf 86' lang='lat'>».</span> <span class='ocrx_word' id='word_1_194' title='bbox 437 2365 602 2414; x_wconf 91' lang='lat' dir='ltr'>Melius</span> <span class='ocrx_word' id='word_1_195' title='bbox 621 2371 740 2413; x_wconf 88' lang='lat' dir='ltr'>certe</span> <span class='ocrx_word' id='word_1_196' title='bbox 763 2381 817 2413; x_wconf 91' lang='lat' dir='ltr'>ac</span> <span class='ocrx_word' id='word_1_197' title='bbox 838 2364 994 2413; x_wconf 87' lang='lat' dir='ltr'>verius</span> <span class='ocrx_word' id='word_1_198' title='bbox 1014 2364 1096 2429; x_wconf 89' lang='lat' dir='ltr'>qui</span> <span class='ocrx_word' id='word_1_199' title='bbox 1116 2363 1486 2428; x_wconf 87' lang='lat' dir='ltr'>disceptantibus</span> 
     </span>
     <span class='ocr_line' id='line_1_30' title="bbox 142 2443 1007 2506; baseline 0 -16"><span class='ocrx_word' id='word_1_200' title='bbox 142 2443 368 2506; x_wconf 87' lang='lat' dir='ltr'>interpres</span> <span class='ocrx_word' id='word_1_201' title='bbox 394 2443 683 2491; x_wconf 89' lang='lat' dir='ltr'>novissimus</span> <span class='ocrx_word' id='word_1_202' title='bbox 710 2443 961 2492; x_wconf 88' lang='lat' dir='ltr'>intervenit</span> <span class='ocrx_word' id='word_1_203' title='bbox 975 2445 1007 2490; x_wconf 72' lang='lat'>².</span> 
     </span>
    </p>
   </div>
   <div class='ocr_carea' id='block_1_3' title="bbox 145 2591 1493 2825">
    <p class='ocr_par' dir='ltr' id='par_1_4' title="bbox 145 2591 1490 2707">
     <span class='ocr_line' id='line_1_31' title="bbox 204 2591 1490 2643; baseline 0 -11"><span class='ocrx_word' id='word_1_204' title='bbox 204 2596 236 2632; x_wconf 93' lang='lat' dir='ltr'>l.</span> <span class='ocrx_word' id='word_1_205' title='bbox 269 2591 389 2637; x_wconf 73' lang='lat' dir='ltr'>Muffi</span> <span class='ocrx_word' id='word_1_206' title='bbox 432 2593 691 2643; x_wconf 74' lang='lat' dir='ltr'>Antiquitates</span> <span class='ocrx_word' id='word_1_207' title='bbox 720 2595 917 2633; x_wconf 76' lang='lat' dir='ltr'>Romanae</span> <span class='ocrx_word' id='word_1_208' title='bbox 952 2594 998 2634; x_wconf 78' lang='lat' dir='ltr'>in</span> <span class='ocrx_word' id='word_1_209' title='bbox 1034 2592 1186 2643; x_wconf 61' lang='lat' dir='ltr'>Virgilii</span> <span class='ocrx_word' id='word_1_210' title='bbox 1220 2593 1388 2633; x_wconf 75' lang='lat' dir='ltr'>Aeneide</span> <span class='ocrx_word' id='word_1_211' title='bbox 1422 2593 1490 2632; x_wconf 85' lang='lat' dir='ltr'>de—</span> 
     </span>
     <span class='ocr_line' id='line_1_32' title="bbox 145 2651 740 2707; baseline -0.002 -15"><span class='ocrx_word' id='word_1_212' title='bbox 145 2654 326 2704; x_wconf 75' lang='lat' dir='ltr'>scriptae,</span> <span class='ocrx_word' id='word_1_213' title='bbox 353 2651 460 2691; x_wconf 82' lang='lat' dir='ltr'>Hall.</span> <span class='ocrx_word' id='word_1_214' title='bbox 494 2657 606 2702; x_wconf 72' lang='lat'>1864,</span> <span class='ocrx_word' id='word_1_215' title='bbox 634 2666 676 2707; x_wconf 83' lang='lat' dir='ltr'>p.</span> <span class='ocrx_word' id='word_1_216' title='bbox 703 2659 740 2692; x_wconf 76' lang='lat'>2.</span> 
     </span>
    </p>

    <p class='ocr_par' dir='ltr' id='par_1_5' title="bbox 147 2710 1493 2825">
     <span class='ocr_line' id='line_1_33' title="bbox 200 2710 1492 2766; baseline 0.002 -16"><span class='ocrx_word' id='word_1_217' title='bbox 200 2715 237 2751; x_wconf 78' lang='lat'>2.</span> <span class='ocrx_word' id='word_1_218' title='bbox 268 2711 317 2750; x_wconf 83' lang='lat' dir='ltr'>E.</span> <span class='ocrx_word' id='word_1_219' title='bbox 341 2710 520 2763; x_wconf 72' lang='lat' dir='ltr'>Benoist,</span> <span class='ocrx_word' id='word_1_220' title='bbox 541 2713 711 2752; x_wconf 65' lang='lat' dir='ltr'>oEuvres</span> <span class='ocrx_word' id='word_1_221' title='bbox 727 2715 772 2751; x_wconf 69' lang='lat' dir='ltr'>cle</span> <span class='ocrx_word' id='word_1_222' title='bbox 795 2714 949 2764; x_wconf 68' lang='lat' dir='ltr'>Viryilc,</span> <span class='ocrx_word' id='word_1_223' title='bbox 976 2712 1009 2758; x_wconf 83' lang='grc' dir='ltr'>Ι,</span> <span class='ocrx_word' id='word_1_224' title='bbox 1031 2725 1098 2752; x_wconf 71' lang='lat' dir='ltr'>xm</span> <span class='ocrx_word' id='word_1_225' title='bbox 1118 2725 1125 2750; x_wconf 78' lang='lat'>1</span> <span class='ocrx_word' id='word_1_226' title='bbox 1154 2711 1223 2752; x_wconf 85' lang='lat' dir='ltr'>«Il</span> <span class='ocrx_word' id='word_1_227' title='bbox 1247 2725 1295 2752; x_wconf 90' lang='lat' dir='ltr'>ne</span> <span class='ocrx_word' id='word_1_228' title='bbox 1314 2712 1401 2752; x_wconf 82' lang='lat' dir='ltr'>faut</span> <span class='ocrx_word' id='word_1_229' title='bbox 1421 2726 1492 2766; x_wconf 72' lang='lat' dir='ltr'>pas</span> 
     </span>
     <span class='ocr_line' id='line_1_34' title="bbox 147 2769 1493 2825; baseline 0.001 -15"><span class='ocrx_word' id='word_1_230' title='bbox 147 2769 346 2810; x_wconf 84' lang='lat' dir='ltr'>admettre</span> <span class='ocrx_word' id='word_1_231' title='bbox 375 2784 468 2810; x_wconf 85' lang='lat' dir='ltr'>avec</span> <span class='ocrx_word' id='word_1_232' title='bbox 491 2770 689 2825; x_wconf 82' lang='lat' dir='ltr'>quelques</span> <span class='ocrx_word' id='word_1_233' title='bbox 717 2770 871 2811; x_wconf 63' lang='lat' dir='ltr'>crudits</span> <span class='ocrx_word' id='word_1_234' title='bbox 897 2784 976 2825; x_wconf 86' lang='lat' dir='ltr'>quc</span> <span class='ocrx_word' id='word_1_235' title='bbox 998 2770 1156 2824; x_wconf 83' lang='lat' dir='ltr'>Virgile</span> <span class='ocrx_word' id='word_1_236' title='bbox 1182 2785 1204 2811; x_wconf 85' lang='lat' dir='ltr'>a</span> <span class='ocrx_word' id='word_1_237' title='bbox 1232 2770 1370 2823; x_wconf 83' lang='lat' dir='ltr'>voulu,</span> <span class='ocrx_word' id='word_1_238' title='bbox 1393 2771 1493 2812; x_wconf 83' lang='lat' dir='ltr'>dans</span> 
     </span>
    </p>
   </div>
   <div class='ocr_carea' id='block_1_4' title="bbox 1235 2847 1278 2883">
    <p class='ocr_par' dir='ltr' id='par_1_6' title="bbox 1235 2847 1278 2883">
     <span class='ocr_line' id='line_1_35' title="bbox 1235 2847 1278 2883; baseline 0 0"><span class='ocrx_word' id='word_1_239' title='bbox 1235 2847 1278 2883; x_wconf 90' lang='grc'>10</span> 
     </span>
    </p>
   </div>
  </div>
 </body>
</html>
