<?xml version="1.0" encoding="UTF-8"?>
<!DOCTYPE html PUBLIC "-//W3C//DTD XHTML 1.0 Transitional//EN"
    "http://www.w3.org/TR/xhtml1/DTD/xhtml1-transitional.dtd">
<html xmlns="http://www.w3.org/1999/xhtml" xml:lang="en" lang="en">
 <head>
  <title>
</title>
<meta http-equiv="Content-Type" content="text/html;charset=utf-8" />
  <meta name='ocr-system' content='tesseract 3.04.00' />
  <meta name='ocr-capabilities' content='ocr_page ocr_carea ocr_par ocr_line ocrx_word'/>
</head>
<body>
  <div class='ocr_page' id='page_1' title='image "./demorumindoleinv00bouguoft_0103.png"; bbox 0 0 1758 2903; ppageno 0'>
   <div class='ocr_carea' id='block_1_1' title="bbox 81 252 1432 1767">
    <p class='ocr_par' dir='ltr' id='par_1_1' title="bbox 81 252 1432 1767">
     <span class='ocr_line' id='line_1_1' title="bbox 84 252 1422 319; baseline 0.002 -21"><span class='ocrx_word' id='word_1_1' title='bbox 84 267 325 299; x_wconf 87' lang='lat' dir='ltr'>numerare</span> <span class='ocrx_word' id='word_1_2' title='bbox 350 259 388 310; x_wconf 80' lang='grc'>1;</span> <span class='ocrx_word' id='word_1_3' title='bbox 414 252 548 299; x_wconf 84' lang='lat' dir='ltr'>tubae</span> <span class='ocrx_word' id='word_1_4' title='bbox 580 253 804 299; x_wconf 81' lang='lat' dir='ltr'>incurvae</span> <span class='ocrx_word' id='word_1_5' title='bbox 835 268 997 315; x_wconf 80' lang='lat' dir='ltr'>genUS,</span> <span class='ocrx_word' id='word_1_6' title='bbox 1029 253 1187 300; x_wconf 72' lang='lat' dir='ltr'>lituum</span> <span class='ocrx_word' id='word_1_7' title='bbox 1213 270 1240 301; x_wconf 92' lang='lat' dir='ltr'>a</span> <span class='ocrx_word' id='word_1_8' title='bbox 1272 254 1422 319; x_wconf 80' lang='lat' dir='ltr'>Virgi-</span> 
     </span>
     <span class='ocr_line' id='line_1_2' title="bbox 85 329 1423 394; baseline 0.003 -20"><span class='ocrx_word' id='word_1_9' title='bbox 85 329 146 375; x_wconf 88' lang='lat' dir='ltr'>lio</span> <span class='ocrx_word' id='word_1_10' title='bbox 170 335 384 375; x_wconf 80' lang='lat' dir='ltr'>vocatum</span> <span class='ocrx_word' id='word_1_11' title='bbox 405 329 582 374; x_wconf 90' lang='lat' dir='ltr'>Miseno</span> <span class='ocrx_word' id='word_1_12' title='bbox 611 329 820 388; x_wconf 73' lang='lat' dir='ltr'><strong>attribui,</strong></span> <span class='ocrx_word' id='word_1_13' title='bbox 847 346 994 392; x_wconf 90' lang='lat' dir='ltr'>quum</span> <span class='ocrx_word' id='word_1_14' title='bbox 1023 330 1072 376; x_wconf 90' lang='lat' dir='ltr'>in</span> <span class='ocrx_word' id='word_1_15' title='bbox 1099 331 1263 394; x_wconf 88' lang='lat' dir='ltr'>clypeo</span> <span class='ocrx_word' id='word_1_16' title='bbox 1284 347 1423 394; x_wconf 90' lang='lat' dir='ltr'>quem</span> 
     </span>
     <span class='ocr_line' id='line_1_3' title="bbox 81 404 1422 468; baseline 0.003 -17"><span class='ocrx_word' id='word_1_17' title='bbox 81 404 242 451; x_wconf 83' lang='lat' dir='ltr'>dicunt</span> <span class='ocrx_word' id='word_1_18' title='bbox 273 405 527 467; x_wconf 81' lang='lat' dir='ltr'>Scipionis,</span> <span class='ocrx_word' id='word_1_19' title='bbox 578 404 851 468; x_wconf 72' lang='lat' dir='ltr'>Talthybius</span> <span class='ocrx_word' id='word_1_20' title='bbox 892 407 1260 453; x_wconf 75' lang='lat' dir='ltr'><strong>instrumentum</strong></span> <span class='ocrx_word' id='word_1_21' title='bbox 1296 407 1422 455; x_wconf 91' lang='lat' dir='ltr'>haud</span> 
     </span>
     <span class='ocr_line' id='line_1_4' title="bbox 81 481 1427 545; baseline 0.004 -19"><span class='ocrx_word' id='word_1_22' title='bbox 81 497 192 527; x_wconf 85' lang='lat' dir='ltr'>sane</span> <span class='ocrx_word' id='word_1_23' title='bbox 216 481 429 527; x_wconf 80' lang='lat' dir='ltr'>absimile</span> <span class='ocrx_word' id='word_1_24' title='bbox 465 490 615 527; x_wconf 83' lang='lat' dir='ltr'>teneat</span> <span class='ocrx_word' id='word_1_25' title='bbox 639 485 677 540; x_wconf 78' lang='lat'>²3</span> <span class='ocrx_word' id='word_1_26' title='bbox 705 484 917 528; x_wconf 67' lang='lat' dir='ltr'>crinitam</span> <span class='ocrx_word' id='word_1_27' title='bbox 949 492 1099 528; x_wconf 85' lang='lat' dir='ltr'>autem</span> <span class='ocrx_word' id='word_1_28' title='bbox 1128 485 1286 545; x_wconf 90' lang='lat' dir='ltr'>Iopam</span> <span class='ocrx_word' id='word_1_29' title='bbox 1323 484 1427 531; x_wconf 88' lang='lat' dir='ltr'>des-</span> 
     </span>
     <span class='ocr_line' id='line_1_5' title="bbox 82 557 1428 620; baseline 0.002 -16"><span class='ocrx_word' id='word_1_30' title='bbox 82 557 200 604; x_wconf 87' lang='lat' dir='ltr'>cribi</span> <span class='ocrx_word' id='word_1_31' title='bbox 229 573 377 620; x_wconf 87' lang='lat' dir='ltr'>quum</span> <span class='ocrx_word' id='word_1_32' title='bbox 403 557 532 603; x_wconf 75' lang='lat' dir='ltr'>nulla</span> <span class='ocrx_word' id='word_1_33' title='bbox 564 558 812 620; x_wconf 84' lang='lat' dir='ltr'>peculiaris</span> <span class='ocrx_word' id='word_1_34' title='bbox 838 558 894 604; x_wconf 93' lang='lat' dir='ltr'>de</span> <span class='ocrx_word' id='word_1_35' title='bbox 934 558 1227 620; x_wconf 79' lang='lat' dir='ltr'>longioribus</span> <span class='ocrx_word' id='word_1_36' title='bbox 1262 562 1428 607; x_wconf 91' lang='lat' dir='ltr'>Demo-</span> 
     </span>
     <span class='ocr_line' id='line_1_6' title="bbox 81 632 1424 696; baseline 0.002 -17"><span class='ocrx_word' id='word_1_37' title='bbox 81 632 186 680; x_wconf 94' lang='lat' dir='ltr'>doci</span> <span class='ocrx_word' id='word_1_38' title='bbox 220 633 402 696; x_wconf 83' lang='lat' dir='ltr'>capillis</span> <span class='ocrx_word' id='word_1_39' title='bbox 438 634 562 696; x_wconf 87' lang='lat' dir='ltr'>apud</span> <span class='ocrx_word' id='word_1_40' title='bbox 606 636 858 681; x_wconf 78' lang='lat' dir='ltr'>Homerum</span> <span class='ocrx_word' id='word_1_41' title='bbox 895 635 1068 681; x_wconf 84' lang='lat' dir='ltr'>mentio</span> <span class='ocrx_word' id='word_1_42' title='bbox 1097 635 1236 681; x_wconf 82' lang='lat' dir='ltr'>fuerit</span> <span class='ocrx_word' id='word_1_43' title='bbox 1274 636 1424 695; x_wconf 83' lang='lat' dir='ltr'>facta;</span> 
     </span>
     <span class='ocr_line' id='line_1_7' title="bbox 81 709 1428 773; baseline 0.002 -17"><span class='ocrx_word' id='word_1_44' title='bbox 81 710 468 773; x_wconf 82' lang='lat' dir='ltr'>quotiescumque</span> <span class='ocrx_word' id='word_1_45' title='bbox 502 710 629 757; x_wconf 88' lang='lat' dir='ltr'>enim</span> <span class='ocrx_word' id='word_1_46' title='bbox 658 712 862 756; x_wconf 78' lang='lat' dir='ltr'>occurrit</span> <span class='ocrx_word' id='word_1_47' title='bbox 895 709 1127 772; x_wconf 74' lang='lat' dir='ltr'>Apollinis</span> <span class='ocrx_word' id='word_1_48' title='bbox 1166 710 1428 759; x_wconf 81' lang='lat' dir='ltr'>citharoedi</span> 
     </span>
     <span class='ocr_line' id='line_1_8' title="bbox 81 786 1426 849; baseline 0.002 -17"><span class='ocrx_word' id='word_1_49' title='bbox 81 786 254 849; x_wconf 80' lang='lat' dir='ltr'>imago,</span> <span class='ocrx_word' id='word_1_50' title='bbox 271 787 522 832; x_wconf 79' lang='lat' dir='ltr'>caesariem</span> <span class='ocrx_word' id='word_1_51' title='bbox 549 787 834 847; x_wconf 85' lang='lat' dir='ltr'>promissam</span> <span class='ocrx_word' id='word_1_52' title='bbox 858 793 902 831; x_wconf 84' lang='lat' dir='ltr'>et</span> <span class='ocrx_word' id='word_1_53' title='bbox 925 786 973 831; x_wconf 91' lang='lat' dir='ltr'>in</span> <span class='ocrx_word' id='word_1_54' title='bbox 1001 786 1221 832; x_wconf 87' lang='lat' dir='ltr'>humeros</span> <span class='ocrx_word' id='word_1_55' title='bbox 1245 788 1426 835; x_wconf 80' lang='lat' dir='ltr'>utrobi-</span> 
     </span>
     <span class='ocr_line' id='line_1_9' title="bbox 82 860 1426 924; baseline 0.001 -16"><span class='ocrx_word' id='word_1_56' title='bbox 82 878 174 924; x_wconf 91' lang='lat' dir='ltr'>que</span> <span class='ocrx_word' id='word_1_57' title='bbox 207 862 361 908; x_wconf 89' lang='lat' dir='ltr'>fusam</span> <span class='ocrx_word' id='word_1_58' title='bbox 394 864 682 908; x_wconf 79' lang='lat' dir='ltr'>intuemur⁵.</span> <span class='ocrx_word' id='word_1_59' title='bbox 715 862 885 908; x_wconf 85' lang='lat' dir='ltr'>Omnia</span> <span class='ocrx_word' id='word_1_60' title='bbox 907 860 1097 923; x_wconf 89' lang='lat' dir='ltr'>quidem</span> <span class='ocrx_word' id='word_1_61' title='bbox 1124 862 1232 908; x_wconf 84' lang='lat' dir='ltr'>haec</span> <span class='ocrx_word' id='word_1_62' title='bbox 1264 878 1426 910; x_wconf 87' lang='lat' dir='ltr'>recen-</span> 
     </span>
     <span class='ocr_line' id='line_1_10' title="bbox 83 937 1428 1002; baseline 0.001 -17"><span class='ocrx_word' id='word_1_63' title='bbox 83 938 219 997; x_wconf 84' lang='lat' dir='ltr'>tiora,</span> <span class='ocrx_word' id='word_1_64' title='bbox 243 938 324 984; x_wconf 91' lang='lat' dir='ltr'>sed</span> <span class='ocrx_word' id='word_1_65' title='bbox 345 940 408 985; x_wconf 78' lang='lat' dir='ltr'>ita</span> <span class='ocrx_word' id='word_1_66' title='bbox 433 946 529 984; x_wconf 80' lang='lat' dir='ltr'>arte</span> <span class='ocrx_word' id='word_1_67' title='bbox 555 938 879 984; x_wconf 84' lang='lat' dir='ltr'>commendata</span> <span class='ocrx_word' id='word_1_68' title='bbox 902 953 955 983; x_wconf 87' lang='lat' dir='ltr'>ac</span> <span class='ocrx_word' id='word_1_69' title='bbox 978 937 1207 984; x_wconf 84' lang='lat' dir='ltr'>celebrata</span> <span class='ocrx_word' id='word_1_70' title='bbox 1235 947 1288 985; x_wconf 86' lang='lat' dir='ltr'>ut</span> <span class='ocrx_word' id='word_1_71' title='bbox 1317 955 1428 1002; x_wconf 91' lang='lat' dir='ltr'>poe-</span> 
     </span>
     <span class='ocr_line' id='line_1_11' title="bbox 84 1013 1429 1078; baseline 0.001 -17"><span class='ocrx_word' id='word_1_72' title='bbox 84 1022 159 1061; x_wconf 79' lang='lat' dir='ltr'>tae</span> <span class='ocrx_word' id='word_1_73' title='bbox 182 1015 429 1061; x_wconf 88' lang='lat' dir='ltr'>Homerica</span> <span class='ocrx_word' id='word_1_74' title='bbox 464 1016 602 1061; x_wconf 77' lang='lat' dir='ltr'>etiam</span> <span class='ocrx_word' id='word_1_75' title='bbox 636 1022 911 1078; x_wconf 81' lang='lat' dir='ltr'>argumenta</span> <span class='ocrx_word' id='word_1_76' title='bbox 945 1013 1197 1077; x_wconf 84' lang='lat' dir='ltr'>explicanti</span> <span class='ocrx_word' id='word_1_77' title='bbox 1243 1015 1429 1062; x_wconf 88' lang='lat' dir='ltr'>facilius</span> 
     </span>
     <span class='ocr_line' id='line_1_12' title="bbox 83 1091 1428 1154; baseline 0.001 -17"><span class='ocrx_word' id='word_1_78' title='bbox 83 1099 205 1138; x_wconf 85' lang='lat' dir='ltr'>esset</span> <span class='ocrx_word' id='word_1_79' title='bbox 235 1091 293 1137; x_wconf 89' lang='lat' dir='ltr'>ab</span> <span class='ocrx_word' id='word_1_80' title='bbox 319 1093 515 1138; x_wconf 87' lang='lat' dir='ltr'>Homero</span> <span class='ocrx_word' id='word_1_81' title='bbox 546 1107 690 1154; x_wconf 89' lang='lat' dir='ltr'>quam</span> <span class='ocrx_word' id='word_1_82' title='bbox 729 1092 788 1138; x_wconf 82' lang='lat' dir='ltr'>ab</span> <span class='ocrx_word' id='word_1_83' title='bbox 827 1091 910 1138; x_wconf 89' lang='lat' dir='ltr'>illa</span> <span class='ocrx_word' id='word_1_84' title='bbox 938 1092 1265 1138; x_wconf 81' lang='lat' dir='ltr'>commenticia</span> <span class='ocrx_word' id='word_1_85' title='bbox 1303 1096 1428 1139; x_wconf 86' lang='lat' dir='ltr'>anti-</span> 
     </span>
     <span class='ocr_line' id='line_1_13' title="bbox 85 1167 1427 1232; baseline 0.001 -18"><span class='ocrx_word' id='word_1_86' title='bbox 85 1167 260 1229; x_wconf 80' lang='lat' dir='ltr'>quitate</span> <span class='ocrx_word' id='word_1_87' title='bbox 281 1167 515 1215; x_wconf 86' lang='lat' dir='ltr'>recedere.</span> <span class='ocrx_word' id='word_1_88' title='bbox 548 1171 727 1231; x_wconf 72' lang='lat' dir='ltr'>Itaque,</span> <span class='ocrx_word' id='word_1_89' title='bbox 754 1176 805 1215; x_wconf 80' lang='lat' dir='ltr'>ut</span> <span class='ocrx_word' id='word_1_90' title='bbox 823 1168 986 1230; x_wconf 89' lang='lat' dir='ltr'>paucis</span> <span class='ocrx_word' id='word_1_91' title='bbox 1008 1168 1164 1215; x_wconf 87' lang='lat' dir='ltr'>verbis</span> <span class='ocrx_word' id='word_1_92' title='bbox 1189 1168 1427 1232; x_wconf 89' lang='lat' dir='ltr'>quidquid</span> 
     </span>
     <span class='ocr_line' id='line_1_14' title="bbox 83 1242 1426 1307; baseline 0.001 -17"><span class='ocrx_word' id='word_1_93' title='bbox 83 1242 142 1290; x_wconf 86' lang='lat' dir='ltr'>ad</span> <span class='ocrx_word' id='word_1_94' title='bbox 171 1243 219 1290; x_wconf 88' lang='lat' dir='ltr'>id</span> <span class='ocrx_word' id='word_1_95' title='bbox 239 1260 391 1307; x_wconf 91' lang='lat' dir='ltr'>usque</span> <span class='ocrx_word' id='word_1_96' title='bbox 427 1244 514 1291; x_wconf 88' lang='lat' dir='ltr'>loci</span> <span class='ocrx_word' id='word_1_97' title='bbox 538 1243 828 1307; x_wconf 81' lang='lat' dir='ltr'>disputatum</span> <span class='ocrx_word' id='word_1_98' title='bbox 860 1252 928 1290; x_wconf 90' lang='lat' dir='ltr'>est</span> <span class='ocrx_word' id='word_1_99' title='bbox 953 1245 1426 1306; x_wconf 84' lang='lat' dir='ltr'>comprehendamuS,</span> 
     </span>
     <span class='ocr_line' id='line_1_15' title="bbox 84 1320 1430 1384; baseline 0.001 -18"><span class='ocrx_word' id='word_1_100' title='bbox 84 1337 229 1382; x_wconf 90' lang='lat' dir='ltr'>quum</span> <span class='ocrx_word' id='word_1_101' title='bbox 265 1320 412 1366; x_wconf 88' lang='lat' dir='ltr'>multa</span> <span class='ocrx_word' id='word_1_102' title='bbox 453 1320 578 1384; x_wconf 91' lang='lat' dir='ltr'>apud</span> <span class='ocrx_word' id='word_1_103' title='bbox 608 1321 859 1384; x_wconf 84' lang='lat' dir='ltr'>Virgilium</span> <span class='ocrx_word' id='word_1_104' title='bbox 884 1336 993 1367; x_wconf 88' lang='lat' dir='ltr'>cum</span> <span class='ocrx_word' id='word_1_105' title='bbox 1030 1322 1296 1368; x_wconf 85' lang='lat' dir='ltr'>Homericis</span> <span class='ocrx_word' id='word_1_106' title='bbox 1328 1330 1430 1368; x_wconf 84' lang='lat' dir='ltr'>tum</span> 
     </span>
     <span class='ocr_line' id='line_1_16' title="bbox 85 1396 1430 1460; baseline -0.001 -17"><span class='ocrx_word' id='word_1_107' title='bbox 85 1396 312 1452; x_wconf 88' lang='lat' dir='ltr'>moribus,</span> <span class='ocrx_word' id='word_1_108' title='bbox 344 1405 442 1443; x_wconf 81' lang='lat' dir='ltr'>tum</span> <span class='ocrx_word' id='word_1_109' title='bbox 465 1397 769 1460; x_wconf 89' lang='lat' dir='ltr'>opinionibus</span> <span class='ocrx_word' id='word_1_110' title='bbox 794 1397 1062 1460; x_wconf 86' lang='lat' dir='ltr'>fabulisque</span> <span class='ocrx_word' id='word_1_111' title='bbox 1092 1396 1289 1444; x_wconf 89' lang='lat' dir='ltr'>minime</span> <span class='ocrx_word' id='word_1_112' title='bbox 1316 1413 1430 1444; x_wconf 89' lang='lat' dir='ltr'>con-</span> 
     </span>
     <span class='ocr_line' id='line_1_17' title="bbox 83 1473 1432 1537; baseline 0.001 -17"><span class='ocrx_word' id='word_1_113' title='bbox 83 1475 293 1532; x_wconf 86' lang='lat' dir='ltr'>veniant,</span> <span class='ocrx_word' id='word_1_114' title='bbox 321 1475 433 1521; x_wconf 90' lang='lat' dir='ltr'>haec</span> <span class='ocrx_word' id='word_1_115' title='bbox 456 1477 504 1520; x_wconf 88' lang='lat' dir='ltr'>in</span> <span class='ocrx_word' id='word_1_116' title='bbox 530 1475 618 1521; x_wconf 83' lang='lat' dir='ltr'>tria</span> <span class='ocrx_word' id='word_1_117' title='bbox 642 1490 809 1537; x_wconf 80' lang='lat' dir='ltr'>genera</span> <span class='ocrx_word' id='word_1_118' title='bbox 836 1474 984 1536; x_wconf 85' lang='lat' dir='ltr'>placet</span> <span class='ocrx_word' id='word_1_119' title='bbox 1008 1473 1288 1521; x_wconf 81' lang='lat' dir='ltr'>distribuere</span> <span class='ocrx_word' id='word_1_120' title='bbox 1314 1491 1325 1521; x_wconf 95' lang='lat'><strong>:</strong></span> <span class='ocrx_word' id='word_1_121' title='bbox 1351 1475 1432 1521; x_wconf 88' lang='lat' dir='ltr'>illa</span> 
     </span>
     <span class='ocr_line' id='line_1_18' title="bbox 85 1550 1429 1614; baseline 0.001 -17"><span class='ocrx_word' id='word_1_122' title='bbox 85 1550 265 1597; x_wconf 78' lang='lat' dir='ltr'>scilicet</span> <span class='ocrx_word' id='word_1_123' title='bbox 285 1567 401 1613; x_wconf 89' lang='lat' dir='ltr'>quae</span> <span class='ocrx_word' id='word_1_124' title='bbox 425 1567 528 1598; x_wconf 87' lang='lat' dir='ltr'>vere</span> <span class='ocrx_word' id='word_1_125' title='bbox 545 1553 751 1598; x_wconf 88' lang='lat' dir='ltr'>Romana</span> <span class='ocrx_word' id='word_1_126' title='bbox 774 1559 903 1606; x_wconf 82' lang='lat' dir='ltr'>sunt,</span> <span class='ocrx_word' id='word_1_127' title='bbox 933 1559 1034 1597; x_wconf 82' lang='lat' dir='ltr'>tum</span> <span class='ocrx_word' id='word_1_128' title='bbox 1069 1566 1122 1598; x_wconf 85' lang='lat' dir='ltr'>ea</span> <span class='ocrx_word' id='word_1_129' title='bbox 1150 1567 1267 1612; x_wconf 88' lang='lat' dir='ltr'>quae</span> <span class='ocrx_word' id='word_1_130' title='bbox 1292 1553 1429 1614; x_wconf 88' lang='lat' dir='ltr'>quasi</span> 
     </span>
     <span class='ocr_line' id='line_1_19' title="bbox 83 1626 1432 1690; baseline 0.001 -17"><span class='ocrx_word' id='word_1_131' title='bbox 83 1627 322 1674; x_wconf 89' lang='lat' dir='ltr'>communi</span> <span class='ocrx_word' id='word_1_132' title='bbox 346 1635 587 1690; x_wconf 85' lang='lat' dir='ltr'>poetarum</span> <span class='ocrx_word' id='word_1_133' title='bbox 612 1635 658 1674; x_wconf 83' lang='lat' dir='ltr'>et</span> <span class='ocrx_word' id='word_1_134' title='bbox 683 1627 917 1675; x_wconf 84' lang='lat' dir='ltr'>artificum</span> <span class='ocrx_word' id='word_1_135' title='bbox 945 1626 1189 1674; x_wconf 90' lang='lat' dir='ltr'>mendacio</span> <span class='ocrx_word' id='word_1_136' title='bbox 1215 1627 1432 1675; x_wconf 86' lang='lat' dir='ltr'>heroicae</span> 
     </span>
     <span class='ocr_line' id='line_1_20' title="bbox 86 1703 715 1767; baseline -0.003 -15"><span class='ocrx_word' id='word_1_137' title='bbox 86 1705 224 1752; x_wconf 82' lang='lat' dir='ltr'>aetati</span> <span class='ocrx_word' id='word_1_138' title='bbox 245 1703 433 1751; x_wconf 82' lang='lat' dir='ltr'>fuerunt</span> <span class='ocrx_word' id='word_1_139' title='bbox 457 1705 715 1767; x_wconf 77' lang='lat' dir='ltr'>assignata.</span> 
     </span>
    </p>
   </div>
   <div class='ocr_carea' id='block_1_2' title="bbox 85 1877 1442 2698">
    <p class='ocr_par' dir='ltr' id='par_1_2' title="bbox 85 1877 1438 2109">
     <span class='ocr_line' id='line_1_21' title="bbox 145 1877 1433 1933; baseline 0 -14"><span class='ocrx_word' id='word_1_140' title='bbox 145 1884 177 1921; x_wconf 85' lang='lat'>1.</span> <span class='ocrx_word' id='word_1_141' title='bbox 210 1878 269 1920; x_wconf 83' lang='lat' dir='ltr'>Cf.</span> <span class='ocrx_word' id='word_1_142' title='bbox 291 1881 564 1920; x_wconf 55' lang='lat' dir='ltr'>Herculaneum</span> <span class='ocrx_word' id='word_1_143' title='bbox 589 1888 621 1920; x_wconf 77' lang='grc' dir='ltr'>ει</span> <span class='ocrx_word' id='word_1_144' title='bbox 653 1881 823 1931; x_wconf 81' lang='lat' dir='ltr'>Pompei,</span> <span class='ocrx_word' id='word_1_145' title='bbox 855 1879 928 1925; x_wconf 86' lang='grc' dir='ltr'>ΠΙ,</span> <span class='ocrx_word' id='word_1_146' title='bbox 959 1878 1044 1919; x_wconf 83' lang='lat' dir='ltr'>tab.</span> <span class='ocrx_word' id='word_1_147' title='bbox 1076 1878 1150 1918; x_wconf 87' lang='grc' dir='ltr'>ΠΙ.</span> <span class='ocrx_word' id='word_1_148' title='bbox 1184 1877 1243 1918; x_wconf 84' lang='lat' dir='ltr'>Cf.</span> <span class='ocrx_word' id='word_1_149' title='bbox 1277 1879 1433 1933; x_wconf 83' lang='lat' dir='ltr'>Eurip.‚</span> 
     </span>
     <span class='ocr_line' id='line_1_22' title="bbox 85 1937 1437 1990; baseline -0.001 -12"><span class='ocrx_word' id='word_1_150' title='bbox 85 1939 172 1990; x_wconf 83' lang='lat' dir='ltr'>Iph.</span> <span class='ocrx_word' id='word_1_151' title='bbox 196 1940 240 1978; x_wconf 76' lang='lat' dir='ltr'>in</span> <span class='ocrx_word' id='word_1_152' title='bbox 266 1941 420 1989; x_wconf 64' lang='lat' dir='ltr'>Tauris,</span> <span class='ocrx_word' id='word_1_153' title='bbox 452 1942 550 1977; x_wconf 76' lang='lat'>1129</span> <span class='ocrx_word' id='word_1_154' title='bbox 576 1951 583 1977; x_wconf 91' lang='lat'><strong>:</strong></span> <span class='ocrx_word' id='word_1_155' title='bbox 611 1940 755 1977; x_wconf 80' lang='grc' dir='ltr'>κέλαδον</span> <span class='ocrx_word' id='word_1_156' title='bbox 784 1941 974 1977; x_wconf 78' lang='grc' dir='ltr'>ἑπτατονου</span> <span class='ocrx_word' id='word_1_157' title='bbox 1004 1937 1122 1989; x_wconf 77' lang='grc' dir='ltr'>λύρας.</span> <span class='ocrx_word' id='word_1_158' title='bbox 1156 1937 1247 1978; x_wconf 85' lang='lat' dir='ltr'>Jam</span> <span class='ocrx_word' id='word_1_159' title='bbox 1276 1952 1368 1978; x_wconf 87' lang='lat' dir='ltr'>vero</span> <span class='ocrx_word' id='word_1_160' title='bbox 1393 1937 1437 1977; x_wconf 89' lang='lat' dir='ltr'>in</span> 
     </span>
     <span class='ocr_line' id='line_1_23' title="bbox 87 1997 1438 2050; baseline -0.001 -13"><span class='ocrx_word' id='word_1_161' title='bbox 87 1997 239 2050; x_wconf 73' lang='lat' dir='ltr'>hymno</span> <span class='ocrx_word' id='word_1_162' title='bbox 258 1997 473 2037; x_wconf 84' lang='lat' dir='ltr'>Homerico</span> <span class='ocrx_word' id='word_1_163' title='bbox 498 1997 547 2036; x_wconf 85' lang='lat' dir='ltr'>ad</span> <span class='ocrx_word' id='word_1_164' title='bbox 572 1998 841 2049; x_wconf 83' lang='lat' dir='ltr'>Mercurium,</span> <span class='ocrx_word' id='word_1_165' title='bbox 864 2012 901 2037; x_wconf 86' lang='lat' dir='ltr'>v.</span> <span class='ocrx_word' id='word_1_166' title='bbox 930 2003 974 2037; x_wconf 82' lang='lat'>51</span> <span class='ocrx_word' id='word_1_167' title='bbox 998 2009 1005 2036; x_wconf 86' lang='lat'>:</span> <span class='ocrx_word' id='word_1_168' title='bbox 1036 1998 1154 2035; x_wconf 79' lang='grc' dir='ltr'>Ἑπτὰ</span> <span class='ocrx_word' id='word_1_169' title='bbox 1176 1999 1210 2035; x_wconf 80' lang='grc' dir='ltr'>δὲ</span> <span class='ocrx_word' id='word_1_170' title='bbox 1232 1997 1438 2050; x_wconf 64' lang='grc' dir='ltr'>σύμφωνους</span> 
     </span>
     <span class='ocr_line' id='line_1_24' title="bbox 85 2053 559 2109; baseline -0.002 -14"><span class='ocrx_word' id='word_1_171' title='bbox 85 2053 167 2095; x_wconf 74' lang='grc' dir='ltr'>ὀΐων</span> <span class='ocrx_word' id='word_1_172' title='bbox 190 2056 401 2095; x_wconf 79' lang='grc' dir='ltr'>ἐτανύσσατο</span> <span class='ocrx_word' id='word_1_173' title='bbox 417 2056 559 2109; x_wconf 75' lang='grc' dir='ltr'>χόρδας.</span> 
     </span>
    </p>

    <p class='ocr_par' dir='ltr' id='par_1_3' title="bbox 85 2114 1442 2582">
     <span class='ocr_line' id='line_1_25' title="bbox 142 2114 1441 2168; baseline 0.001 -15"><span class='ocrx_word' id='word_1_174' title='bbox 142 2120 180 2154; x_wconf 83' lang='lat'>2.</span> <span class='ocrx_word' id='word_1_175' title='bbox 212 2114 271 2155; x_wconf 84' lang='lat' dir='ltr'>Cf.</span> <span class='ocrx_word' id='word_1_176' title='bbox 303 2114 459 2166; x_wconf 67' lang='lat' dir='ltr'>Mihin,</span> <span class='ocrx_word' id='word_1_177' title='bbox 491 2117 640 2156; x_wconf 69' lang='lat' dir='ltr'>Galeria</span> <span class='ocrx_word' id='word_1_178' title='bbox 663 2117 810 2166; x_wconf 75' lang='lat' dir='ltr'>mythol</span> <span class='ocrx_word' id='word_1_179' title='bbox 832 2145 843 2168; x_wconf 85' lang='lat'><em>‚</em></span> <span class='ocrx_word' id='word_1_180' title='bbox 868 2115 926 2168; x_wconf 86' lang='lat' dir='ltr'>pl.</span> <span class='ocrx_word' id='word_1_181' title='bbox 953 2119 1038 2164; x_wconf 83' lang='lat'>136,</span> <span class='ocrx_word' id='word_1_182' title='bbox 1066 2122 1108 2153; x_wconf 75' lang='lat' dir='ltr'>ne</span> <span class='ocrx_word' id='word_1_183' title='bbox 1135 2119 1225 2155; x_wconf 84' lang='lat'><strong>587.</strong></span> <span class='ocrx_word' id='word_1_184' title='bbox 1247 2137 1298 2144; x_wconf 92' lang='lat'>—</span> <span class='ocrx_word' id='word_1_185' title='bbox 1322 2114 1441 2155; x_wconf 84' lang='lat' dir='ltr'>Tuba</span> 
     </span>
     <span class='ocr_line' id='line_1_26' title="bbox 87 2172 1442 2228; baseline 0.001 -15"><span class='ocrx_word' id='word_1_186' title='bbox 87 2179 238 2225; x_wconf 80' lang='lat' dir='ltr'>autem,</span> <span class='ocrx_word' id='word_1_187' title='bbox 270 2188 373 2228; x_wconf 89' lang='lat' dir='ltr'>quae</span> <span class='ocrx_word' id='word_1_188' title='bbox 398 2173 506 2228; x_wconf 87' lang='lat' dir='ltr'>apud</span> <span class='ocrx_word' id='word_1_189' title='bbox 531 2175 751 2214; x_wconf 88' lang='lat' dir='ltr'>Homerum</span> <span class='ocrx_word' id='word_1_190' title='bbox 789 2174 928 2224; x_wconf 85' lang='lat' dir='ltr'>semel,</span> <span class='ocrx_word' id='word_1_191' title='bbox 962 2172 1123 2227; x_wconf 89' lang='lat' dir='ltr'>saepius</span> <span class='ocrx_word' id='word_1_192' title='bbox 1157 2173 1264 2227; x_wconf 87' lang='lat' dir='ltr'>apud</span> <span class='ocrx_word' id='word_1_193' title='bbox 1300 2175 1442 2227; x_wconf 81' lang='lat' dir='ltr'>Virgi-</span> 
     </span>
     <span class='ocr_line' id='line_1_27' title="bbox 88 2231 1439 2286; baseline 0.001 -15"><span class='ocrx_word' id='word_1_194' title='bbox 88 2231 192 2271; x_wconf 89' lang='lat' dir='ltr'>lium</span> <span class='ocrx_word' id='word_1_195' title='bbox 226 2233 416 2285; x_wconf 72' lang='lat' dir='ltr'>occurrit⁷</span> <span class='ocrx_word' id='word_1_196' title='bbox 453 2236 653 2284; x_wconf 73' lang='lat' dir='ltr'>&#39;syrrhena</span> <span class='ocrx_word' id='word_1_197' title='bbox 687 2234 728 2273; x_wconf 88' lang='lat' dir='ltr'>in</span> <span class='ocrx_word' id='word_1_198' title='bbox 760 2233 938 2274; x_wconf 84' lang='lat' dir='ltr'>Aeneide</span> <span class='ocrx_word' id='word_1_199' title='bbox 971 2239 1135 2273; x_wconf 82' lang='lat' dir='ltr'>vocatur</span> <span class='ocrx_word' id='word_1_200' title='bbox 1170 2234 1295 2286; x_wconf 76' lang='lat' dir='ltr'>(Vni,</span> <span class='ocrx_word' id='word_1_201' title='bbox 1329 2234 1439 2286; x_wconf 80' lang='lat'>526).</span> 
     </span>
     <span class='ocr_line' id='line_1_28' title="bbox 88 2291 1441 2347; baseline 0 -16"><span class='ocrx_word' id='word_1_202' title='bbox 88 2292 263 2333; x_wconf 78' lang='lat' dir='ltr'>Tuscam</span> <span class='ocrx_word' id='word_1_203' title='bbox 305 2291 424 2331; x_wconf 84' lang='lat' dir='ltr'>tubae</span> <span class='ocrx_word' id='word_1_204' title='bbox 460 2292 660 2345; x_wconf 81' lang='lat' dir='ltr'>originem</span> <span class='ocrx_word' id='word_1_205' title='bbox 699 2299 818 2347; x_wconf 84' lang='lat' dir='ltr'>poeta</span> <span class='ocrx_word' id='word_1_206' title='bbox 846 2293 981 2332; x_wconf 81' lang='lat' dir='ltr'>forsan</span> <span class='ocrx_word' id='word_1_207' title='bbox 1010 2291 1135 2331; x_wconf 79' lang='lat' dir='ltr'>voluit</span> <span class='ocrx_word' id='word_1_208' title='bbox 1164 2291 1441 2332; x_wconf 84' lang='lat' dir='ltr'>demonstrare</span> 
     </span>
     <span class='ocr_line' id='line_1_29' title="bbox 91 2349 1440 2405; baseline 0.001 -16"><span class='ocrx_word' id='word_1_209' title='bbox 91 2349 153 2403; x_wconf 83' lang='lat' dir='ltr'>(cf.</span> <span class='ocrx_word' id='word_1_210' title='bbox 180 2349 322 2402; x_wconf 86' lang='lat' dir='ltr'>Pl.,N.</span> <span class='ocrx_word' id='word_1_211' title='bbox 345 2353 409 2399; x_wconf 60' lang='lat' dir='ltr'>H„</span> <span class='ocrx_word' id='word_1_212' title='bbox 424 2351 517 2398; x_wconf 85' lang='lat' dir='ltr'>VII,</span> <span class='ocrx_word' id='word_1_213' title='bbox 539 2357 617 2399; x_wconf 69' lang='lat'>54).</span> <span class='ocrx_word' id='word_1_214' title='bbox 639 2352 730 2392; x_wconf 90' lang='lat' dir='ltr'>Non</span> <span class='ocrx_word' id='word_1_215' title='bbox 744 2358 879 2391; x_wconf 82' lang='lat' dir='ltr'>tamen</span> <span class='ocrx_word' id='word_1_216' title='bbox 905 2350 1226 2391; x_wconf 74' lang='lat' dir='ltr'>obliviscendum</span> <span class='ocrx_word' id='word_1_217' title='bbox 1248 2356 1309 2390; x_wconf 76' lang='lat' dir='ltr'>est</span> <span class='ocrx_word' id='word_1_218' title='bbox 1331 2351 1440 2405; x_wconf 87' lang='lat' dir='ltr'>apud</span> 
     </span>
     <span class='ocr_line' id='line_1_30' title="bbox 85 2408 1436 2464; baseline 0 -16"><span class='ocrx_word' id='word_1_219' title='bbox 85 2408 262 2461; x_wconf 79' lang='lat' dir='ltr'>tragicos</span> <span class='ocrx_word' id='word_1_220' title='bbox 296 2409 438 2449; x_wconf 77' lang='lat' dir='ltr'>tubam</span> <span class='ocrx_word' id='word_1_221' title='bbox 470 2424 632 2464; x_wconf 78' lang='lat' dir='ltr'>quoque</span> <span class='ocrx_word' id='word_1_222' title='bbox 661 2411 911 2463; x_wconf 86' lang='lat' dir='ltr'>Tyrrhenam</span> <span class='ocrx_word' id='word_1_223' title='bbox 945 2408 1039 2449; x_wconf 86' lang='lat' dir='ltr'>dici.</span> <span class='ocrx_word' id='word_1_224' title='bbox 1075 2408 1260 2464; x_wconf 86' lang='lat' dir='ltr'>Exempli</span> <span class='ocrx_word' id='word_1_225' title='bbox 1291 2409 1436 2462; x_wconf 79' lang='lat' dir='ltr'>gratia,</span> 
     </span>
     <span class='ocr_line' id='line_1_31' title="bbox 88 2466 1436 2524; baseline 0.002 -17"><span class='ocrx_word' id='word_1_226' title='bbox 88 2466 137 2508; x_wconf 81' lang='lat' dir='ltr'>cf.</span> <span class='ocrx_word' id='word_1_227' title='bbox 163 2467 326 2516; x_wconf 78' lang='lat' dir='ltr'>Aesch.‚</span> <span class='ocrx_word' id='word_1_228' title='bbox 352 2471 485 2517; x_wconf 57' lang='lat' dir='ltr'>Elam„</span> <span class='ocrx_word' id='word_1_229' title='bbox 506 2475 579 2509; x_wconf 81' lang='lat'>567</span> <span class='ocrx_word' id='word_1_230' title='bbox 598 2483 605 2509; x_wconf 76' lang='grc' dir='ltr'>ἱ</span> <span class='ocrx_word' id='word_1_231' title='bbox 626 2469 1007 2522; x_wconf 81' lang='grc' dir='ltr'>διάτοροςῚήρσηνικὴ</span> <span class='ocrx_word' id='word_1_232' title='bbox 1032 2467 1207 2520; x_wconf 75' lang='grc' dir='ltr'>σάλπιγξ,</span> <span class='ocrx_word' id='word_1_233' title='bbox 1223 2475 1261 2508; x_wconf 82' lang='lat' dir='ltr'>et</span> <span class='ocrx_word' id='word_1_234' title='bbox 1275 2468 1436 2524; x_wconf 81' lang='lat' dir='ltr'>Eurip.,</span> 
     </span>
     <span class='ocr_line' id='line_1_32' title="bbox 90 2528 964 2582; baseline 0.002 -16"><span class='ocrx_word' id='word_1_235' title='bbox 90 2528 234 2568; x_wconf 75' lang='lat' dir='ltr'>Phoen.</span> <span class='ocrx_word' id='word_1_236' title='bbox 263 2533 359 2568; x_wconf 88' lang='lat'><strong>1377</strong></span> <span class='ocrx_word' id='word_1_237' title='bbox 384 2541 391 2567; x_wconf 74' lang='grc' dir='ltr'>ἰ</span> <span class='ocrx_word' id='word_1_238' title='bbox 415 2531 637 2579; x_wconf 75' lang='grc' dir='ltr'>Τυρσηνικῆς</span> <span class='ocrx_word' id='word_1_239' title='bbox 657 2531 852 2582; x_wconf 78' lang='grc' dir='ltr'>σάλπιγγος</span> <span class='ocrx_word' id='word_1_240' title='bbox 873 2530 964 2580; x_wconf 49' lang='lat' dir='ltr'>&#39;‘if-fl</span> 
     </span>
    </p>

    <p class='ocr_par' dir='ltr' id='par_1_4' title="bbox 90 2585 1438 2698">
     <span class='ocr_line' id='line_1_33' title="bbox 145 2585 1438 2641; baseline 0 -15"><span class='ocrx_word' id='word_1_241' title='bbox 145 2592 182 2626; x_wconf 90' lang='grc'>3.</span> <span class='ocrx_word' id='word_1_242' title='bbox 215 2585 274 2627; x_wconf 89' lang='lat' dir='ltr'>Cf.</span> <span class='ocrx_word' id='word_1_243' title='bbox 317 2589 418 2627; x_wconf 70' lang='lat' dir='ltr'>Mus.</span> <span class='ocrx_word' id='word_1_244' title='bbox 462 2590 532 2627; x_wconf 76' lang='lat' dir='ltr'>Pio</span> <span class='ocrx_word' id='word_1_245' title='bbox 571 2590 707 2636; x_wconf 56' lang='lat' dir='ltr'>Clam„</span> <span class='ocrx_word' id='word_1_246' title='bbox 741 2594 774 2641; x_wconf 77' lang='lat' dir='ltr'>l,</span> <span class='ocrx_word' id='word_1_247' title='bbox 816 2593 860 2628; x_wconf 88' lang='grc'>16</span> <span class='ocrx_word' id='word_1_248' title='bbox 911 2591 1006 2628; x_wconf 70' lang='lat' dir='ltr'>Dice,</span> <span class='ocrx_word' id='word_1_249' title='bbox 1044 2588 1108 2626; x_wconf 76' lang='lat' dir='ltr'>cles</span> <span class='ocrx_word' id='word_1_250' title='bbox 1140 2587 1248 2637; x_wconf 50' lang='lat' dir='ltr'>Ana,</span> <span class='ocrx_word' id='word_1_251' title='bbox 1286 2585 1438 2640; x_wconf 84' lang='lat' dir='ltr'>Saglio,</span> 
     </span>
     <span class='ocr_line' id='line_1_34' title="bbox 90 2643 1383 2698; baseline 0.002 -16"><span class='ocrx_word' id='word_1_252' title='bbox 90 2643 158 2698; x_wconf 83' lang='lat' dir='ltr'>fig.</span> <span class='ocrx_word' id='word_1_253' title='bbox 185 2651 260 2685; x_wconf 84' lang='lat'>379</span> <span class='ocrx_word' id='word_1_254' title='bbox 276 2652 314 2685; x_wconf 84' lang='lat' dir='ltr'>et</span> <span class='ocrx_word' id='word_1_255' title='bbox 336 2651 427 2688; x_wconf 79' lang='lat'><strong>380.</strong></span> <span class='ocrx_word' id='word_1_256' title='bbox 450 2646 644 2698; x_wconf 76' lang='lat' dir='ltr'>Frohner‚</span> <span class='ocrx_word' id='word_1_257' title='bbox 663 2649 794 2688; x_wconf 71' lang='lat' dir='ltr'>Notice</span> <span class='ocrx_word' id='word_1_258' title='bbox 812 2650 857 2688; x_wconf 81' lang='lat' dir='ltr'>dc</span> <span class='ocrx_word' id='word_1_259' title='bbox 874 2649 913 2687; x_wconf 79' lang='lat' dir='ltr'>la</span> <span class='ocrx_word' id='word_1_260' title='bbox 932 2647 1072 2696; x_wconf 70' lang='lat' dir='ltr'>sculpe.</span> <span class='ocrx_word' id='word_1_261' title='bbox 1095 2647 1296 2695; x_wconf 74' lang='lat' dir='ltr'>anciq.‚n⁰</span> <span class='ocrx_word' id='word_1_262' title='bbox 1320 2652 1383 2685; x_wconf 82' lang='lat'>82.</span> 
     </span>
    </p>
   </div>
  </div>
 </body>
</html>
