1758 2903
805 127 988 160 ..7-

289 211 486 258 Flamini
510 210 629 257 Diali
654 225 746 256 non
780 209 880 256 licet
909 211 1002 257 nisi
1033 227 1115 274 per
1149 213 1572 260 confarreationem

226 303 419 334 uxorem
444 286 630 332 ducere.
660 287 810 341 Quare
841 285 1067 334 hahemus
1095 288 1145 333 in
1166 287 1358 350 Virgilio
1385 305 1396 334 ε

353 407 599 462 Dotalesque
620 414 712 448 tuae
736 407 881 461 Tyrios
900 408 1134 462 permittere
1155 408 1356 450 dextrae¹.

289 547 310 568 «
334 526 460 583 Quid
483 534 552 582 est
576 527 697 574 enim
718 527 845 574 aliud
857 531 1114 588 permittere
1139 530 1332 574 cleoetrae
1357 544 1498 591 quam
1523 532 1569 575 in

219 619 414 649 manum
436 603 714 650 convenire?
734 619 854 665 quae
876 605 1124 650 conventio
1146 620 1199 650 eo
1219 604 1310 652 ritu
1334 604 1573 667 perficitur

219 687 272 724 ut
309 695 431 741 aqua
472 687 515 725 et
553 680 650 741 igni
697 678 942 738 adhibitis,
989 679 1176 725 duobus
1219 681 1439 727 maximis
1477 680 1571 727 ele-

219 756 409 814 mentis,
438 762 606 802 natura
628 759 881 818 conjuncta
909 754 1136 801 habeatur
1156 771 1273 818 quae
1297 772 1370 802 res
1397 755 1455 802 ad
1478 756 1571 802 far-

217 841 366 878 reatas
391 832 578 894 nuptias
606 832 805 893 pertinet
825 831 1000 892 quibus
1026 832 1286 879 Flaminem
1321 840 1366 878 et
1396 832 1568 878 Flami-

217 908 373 954 nicam
396 911 507 972 Iure
539 908 781 971 pontificio
818 909 867 954 in
905 909 1262 955 matrimonium
1289 924 1477 956 necesse
1500 918 1571 955 est

214 982 497 1031 convenire²
532 1005 572 1030 ν».
597 984 782 1031 Flamen
812 984 956 1030 Dialis
994 987 1227 1046 secespila,
1253 984 1302 1032 id
1333 994 1403 1032 est
1429 985 1568 1032 cultri

214 1077 380 1121 genere
415 1061 704 1119 acutissimo,
747 1061 1052 1107 manubrium
1089 1063 1349 1124 pretiosum
1378 1062 1568 1109 habenti

215 1137 456 1195 utebatur3
494 1138 720 1184 nimirum
763 1137 844 1184 ille
876 1139 1004 1184 ensis
1032 1154 1169 1200 quem
1205 1145 1354 1201 gestat
1388 1138 1566 1185 Aeneas

213 1230 299 1277 pro
338 1216 565 1278 secespita
607 1223 675 1261 est
710 1214 1031 1276 accipiendus.
1070 1218 1159 1261 Nec
1199 1214 1316 1261 illud
1351 1215 1564 1262 Servium

213 1291 376 1337 turbat
404 1290 529 1354 quod
567 1312 587 1334 α
609 1291 814 1337 stellatus
853 1291 1032 1353 iaspide
1070 1291 1198 1337 fulva
1221 1312 1243 1333 »
1280 1291 1466 1354 gladius
1496 1292 1567 1339 di-

210 1367 360 1423 citur3
400 1376 535 1430 poeta
572 1367 750 1414 scilicet
789 1367 901 1413 haec
937 1367 1079 1414 verba
1109 1388 1130 1410 «
1163 1367 1268 1414 ideo
1306 1368 1483 1425 intulit,
1509 1385 1566 1416 ne

211 1451 338 1490 totus
379 1460 405 1490 a
449 1460 553 1506 rege
594 1443 832 1490 discedere
873 1443 1107 1490 videretur
1146 1444 1218 1490 cui
1266 1445 1564 1507 propositum

209 1528 307 1579 est,
353 1528 558 1566 veterum
605 1520 980 1566 ceremoniarum
1028 1520 1197 1578 ritum,
1249 1519 1380 1566 aliud
1425 1536 1566 1584 agens

212 1597 480 1660 contingere
514 1616 556 1642 ».
587 1596 729 1643 Multa
763 1595 819 1643 de
854 1612 1024 1660 genere
1050 1596 1137 1643 hoc
1163 1613 1172 1643 :
1197 1612 1316 1659 quae
1345 1605 1396 1643 ut
1425 1597 1564 1660 paulo

211 1675 450 1737 argutiora
481 1673 784 1731 videbuntur,
835 1672 999 1720 saltem
1040 1672 1295 1720 ostendunt
1330 1675 1563 1722 Romanos

213 1749 262 1795 in
289 1748 494 1796 Aeneide
514 1749 695 1812 Virgilii
731 1765 822 1795 non
860 1757 1039 1795 tantum
1068 1749 1272 1811 origines
1303 1765 1414 1796 suae
1451 1766 1563 1813 gen·

209 1827 290 1882 tis),
316 1825 396 1872 sed
420 1826 553 1872 etiam
580 1841 777 1872 suorum
801 1841 986 1871 morum
1006 1826 1277 1889 imaginem,
1299 1825 1414 1872 alias
1438 1828 1560 1873 vivi-

209 1901 406 1958 diorem,
434 1901 552 1948 alias
581 1903 737 1948 minus
767 1909 927 1963 aperte
961 1917 1233 1964 expressam
1263 1902 1561 1964 requisivisse

209 1989 254 2025 et
285 1979 544 2042 quaesitam
582 1979 834 2025 invenisse.
878 1979 979 2024 Non
1016 1986 1086 2024 est
1124 1978 1266 2041 igitur
1304 1978 1431 2041 quod
1468 1981 1559 2026 mi—

210 2057 324 2102 reris
363 2071 549 2102 carmen
578 2054 763 2118 Virgilii
800 2054 1057 2116 aliquando
1091 2054 1379 2118 appellatum
1406 2055 1557 2103 fuisse

209 2147 302 2178 non
322 2132 590 2191 Aeneidem,
621 2131 700 2178 sed
731 2132 860 2178 Gesta
880 2132 1040 2192 populi
1059 2133 1248 2178 Romani
1261 2132 1291 2190 ³,
1318 2133 1550 2194 quamvis,

209 2217 261 2254 ut
298 2208 363 2254 ait
391 2208 600 2266 Servius,
627 2223 796 2254 nomen
830 2223 924 2254 non
959 2223 986 2253 a
1019 2215 1169 2271 parte,
1196 2207 1278 2254 sed
1305 2224 1332 2255 a
1358 2216 1452 2255 toto
1475 2208 1557 2256 de-

211 2282 314 2331 beat
352 2284 490 2331 dari:
530 2284 702 2331 etenim
738 2299 847 2347 pars
880 2283 961 2331 illa
998 2292 1041 2331 et
1073 2285 1296 2332 Romanis
1321 2292 1366 2331 et
1396 2285 1555 2333 Servio

209 2361 301 2423 ipsi
326 2360 473 2407 multo
498 2362 650 2407 minor
669 2359 916 2408 videbatur
936 2377 1027 2424 qua
1045 2362 1142 2408 vita
1171 2360 1331 2425 populi
1356 2361 1552 2409 Romani

210 2451 303 2482 non
325 2436 635 2483 exhiberetur.

268 2559 302 2592 1.
333 2555 413 2605 Id„
443 2557 530 2592 104.

267 2617 303 2653 2.
333 2612 412 2664 Id„
438 2615 528 2652 261.

265 2676 302 2710 3.
335 2669 513 2721 Servius,
540 2672 592 2709 ad
611 2672 706 2710 Aen.
734 2669 804 2719 VI,
831 2675 920 2709 752.
