1758 2903
920 88 1130 124 ..48-

354 175 433 224 sed
476 176 573 239 ipse
609 186 809 220 loricam
849 171 1099 234 aliquando
1136 187 1162 218 a
1202 177 1335 234 poeta
1374 169 1561 217 thoraca
1602 169 1695 218 dici

353 251 581 315 agnoscit,
603 258 654 297 ut
678 250 765 297 hoc
788 266 927 297 versu
952 251 1031 303 XI,
1050 250 1173 296 487:

458 380 630 433 Jamque
650 377 749 417 adeo
771 376 970 417 Rutulum
995 375 1156 416 thoraca
1174 376 1344 416 indutus
1364 375 1504 415 ahenis

458 436 660 478 Horrebat
679 434 876 490 squamis.

351 556 481 605 Unde
503 573 594 603 non
635 556 812 602 mirum
847 569 1031 617 quoque
1064 559 1186 600 esset
1222 551 1474 615 aliquando
1513 553 1697 598 loricam

352 649 436 695 pro
464 635 638 678 thorace
668 631 865 694 positam
888 629 1050 676 fuisse.
1079 631 1144 676 De
1168 628 1312 675 hastis
1336 643 1444 674 vero
1469 626 1696 675 subtilius

354 709 527 767 forsan,
558 724 651 754 non
679 707 864 762 rectius,
896 715 947 753 ut
975 705 1179 764 videtur,
1209 703 1455 751 Lerschius
1486 703 1693 751 disserit.

357 805 378 825 «
419 787 573 840 Quum
605 784 650 829 in
681 785 959 830 Graecorum
989 783 1115 828 vasis
1145 781 1296 843 pictis,
1328 780 1497 842 inquit,
1527 780 1696 826 totiens

352 861 704 923 conspiciantur
727 859 883 905 heroes
904 858 1029 904 binis
1049 859 1246 910 ἀκοντίοις
1267 857 1451 915 armati,
1468 856 1697 918 suspicari

352 939 460 1000 quis
477 936 643 1000 possit,
660 944 842 998 poetam
862 936 1146 991 Romanum,
1169 933 1380 995 quotiens
1407 932 1531 979 binis
1551 932 1698 978 hasti-

352 1013 476 1059 libus
500 1011 573 1058 vel
603 1011 795 1073 spiculis
824 1010 1018 1056 militem
1042 1010 1310 1067 armaverit,
1337 1010 1566 1056 Graecum
1593 1024 1695 1055 mo·

352 1105 449 1135 rem
482 1087 756 1150 respexisse,
793 1086 1069 1148 praesertim
1101 1087 1138 1131 si
1166 1083 1290 1147 apud
1322 1100 1484 1132 eorum
1510 1099 1698 1148 quoque

353 1172 511 1227 poetas
537 1162 781 1210 bellatores
811 1164 1006 1224 αἰχμαῖσι
1032 1159 1265 1223 διδύμαισιν
1294 1161 1479 1208 venisse
1510 1159 1692 1207 audias.

351 1242 520 1287 Verum
546 1239 763 1285 cautione
788 1254 906 1301 opus
932 1246 1082 1284 est....
1108 1239 1165 1284 Ut
1190 1236 1330 1283 verbo
1350 1235 1584 1284 dicam....
1603 1253 1698 1284 non

353 1332 579 1364 numerus
603 1314 749 1371 solus,
782 1313 863 1360 sed
893 1329 963 1360 res
987 1329 1039 1360 ac
1068 1312 1218 1359 forma
1244 1313 1309 1359 rei
1335 1315 1599 1361 Romanum
1627 1329 1700 1360 re-

353 1394 492 1441 dolet.
538 1395 691 1438 Poetae
732 1393 780 1437 ob
820 1392 962 1437 oculos
999 1399 1171 1437 versata
1210 1399 1311 1437 sunt
1347 1392 1450 1437 bina
1483 1391 1568 1437 illa
1595 1392 1700 1452 pila

353 1488 464 1533 quae
482 1470 668 1516 hastatis
692 1469 797 1514 dari
821 1469 1072 1514 solebant».
1093 1466 1224 1515 Unde
1250 1475 1403 1514 autem
1428 1466 1539 1513 haec
1561 1469 1698 1514 Lers-

352 1548 443 1595 chii
473 1545 753 1593 affirmantis
777 1542 1084 1591 confidentia?
1104 1545 1154 1590 In
1179 1543 1290 1591 ludo
1319 1542 1495 1590 scilicet
1513 1545 1693 1607 Trojae,

351 1623 482 1687 pueri
513 1638 521 1668 :

456 1737 609 1778 Cornea
630 1735 728 1776 bina
744 1735 877 1776 serunt
893 1735 1067 1789 praefixa
1089 1734 1252 1776 hastilia
1273 1734 1402 1786 ferr03

350 1856 545 1903 Baebius
566 1863 721 1902 autem
740 1855 904 1912 Macer,
922 1863 1039 1901 teste
1057 1855 1232 1910 Servio,
1249 1853 1386 1912 dixit,
1403 1853 1462 1900 ab
1481 1854 1694 1916 Augusto

352 1934 527 1995 pueris,
557 1932 640 1995 qui
673 1932 880 1979 luserant
903 1934 1101 1993 TroJam,
1125 1930 1320 1978 donatas
1346 1946 1445 1977 esse
1474 1929 1626 1993 galeas
1652 1937 1697 1977 et

350 2008 461 2054 bina
497 2007 700 2055 hastilia.
741 2009 856 2053 Tum
897 2006 1118 2069 Polybius
1156 2006 1214 2053 de
1257 2006 1364 2068 pilis
1402 2006 1690 2052 hastatorum

349 2083 565 2130 duobus:
595 2088 957 2144 προσ-ἥρμοσται
984 2079 1024 2126 δ’
1050 2084 1271 2134 ἑκάστοις
1299 2086 1437 2139 βέλος
1465 2079 1692 2144 σιδηροῦν

348 2163 707 2223 ἀγκιστρωτὸν,
740 2161 825 2204 ἴσον
849 2164 941 2220 ἔχον
968 2162 1016 2204 τὸ
1044 2167 1170 2220 μῆκος
1194 2165 1278 2210 τοῖς
1302 2156 1449 2211 ξύλοις.
1473 2159 1691 2220 vegetius

346 2245 500 2282 autem
532 2235 622 2297 pila
648 2239 770 2294 ferro
799 2233 960 2281 subtili
986 2235 1169 2296 trigono
1192 2236 1406 2294 praefioea
1434 2234 1500 2280 ait
1524 2234 1688 2293 fuisse;

348 2311 503 2375 Lydus
534 2312 757 2374 magister
786 2312 953 2355 ἀκόντια
979 2313 1045 2355 ἐπὶ
1079 2319 1153 2362 τῆς
1182 2307 1313 2363 δεξιᾶς
1343 2306 1414 2355 δύο
1442 2316 1692 2373 γλωχῖνας

347 2390 591 2440 πλατείας
617 2390 769 2448 ἔχοντα
801 2402 827 2433 a
864 2385 1097 2432 militibus
1133 2386 1351 2433 Romanis
1385 2396 1513 2449 gesta
1545 2385 1691 2433 fuisse

347 2472 591 2511 memorat.
612 2465 738 2519 Quae
764 2463 923 2509 omnia
950 2477 1057 2508 sane
1081 2461 1281 2525 probant
1303 2461 1420 2508 duas
1443 2462 1619 2521 hastas,
1637 2470 1691 2509 ut

347 2548 392 2586 et
429 2538 618 2585 heroico
661 2553 790 2596 aevo,
828 2538 893 2583 ita
938 2538 1249 2584 Romanorum
1293 2543 1455 2596 aetate,
1502 2537 1549 2583 in
1597 2552 1687 2584 usu

349 2615 509 2673 fuisse,
549 2613 741 2674 scilicet,
783 2622 832 2660 ut
868 2612 1009 2659 altera
1045 2613 1232 2673 emissa,
1269 2611 1412 2661 altera
1447 2611 1686 2660 dimicanti
