1758 2903
594 134 806 169 -63-

19 237 152 268 sacra
189 221 364 268 Cereris
395 220 730 279 Thesmophoria
776 218 1081 275 vocabantur,
1134 216 1219 264 dea
1261 218 1364 281 ipsa

15 296 66 343 ‘H
93 300 338 360 Θεσμοφόρος
363 295 598 342 audiebat¹
615 296 638 341 '?

78 373 201 429 Quid
221 372 345 435 quod
362 374 567 418 Hercules
582 380 646 418 tot
660 388 712 418 ac
728 379 880 417 tantos
902 370 1082 416 labores
1100 370 1146 416 in
1165 368 1366 416 Aeneide

15 449 186 496 dicitur
205 464 318 512 puer
337 465 389 494 ac
414 449 601 511 ‘iuvenis
623 448 948 505 exantlavisse,
969 447 1093 510 quod
1111 448 1363 494 Centauros

13 534 202 583 mactat,
247 525 371 588 quod
416 528 696 571 Nemeaeum
744 524 943 579 leonem,
989 523 1114 586 quod
1161 538 1360 585 anguem

15 605 268 649 Lernaeum
318 609 506 647 centum
557 600 790 663 capitibus
840 601 1123 646 instructum
1175 599 1358 656 domat,

13 695 165 742 quum
208 677 332 741 apud
374 679 622 723 Homerum
664 676 803 722 heros
839 683 1035 732 tantum,
1082 691 1177 721 non
1222 675 1358 733 deus,

13 756 74 801 sit
101 771 235 800 arcus
267 753 487 799 tendendi
518 752 833 815 peritissimus
856 759 899 797 et
932 768 1038 798 cum
1076 767 1171 798 uno
1201 751 1364 814 prodi-

13 832 105 894 gio,
134 831 213 877 illo
239 830 416 877 scillcet
443 845 536 891 quo
559 828 758 875 Hesione
784 829 990 890 peritura
1014 836 1128 885 erat,
1155 843 1253 873 rem
1279 827 1365 873 ha-

15 909 176 955 buisse
188 906 560 961 videatur?Quis
581 922 670 951 non
688 912 907 966 agnoscat
924 904 1128 950 fabulam
1142 920 1166 949 a
1179 904 1364 950 Graecis

18 992 179 1048 postea
194 981 543 1044 amplificatam,
559 997 698 1044 quam
720 980 961 1043 Euripides
980 981 1099 1026 mira
1113 980 1365 1027 verborum

17 1076 68 1106 ac
82 1075 237 1106 rerum
251 1058 400 1121 copia,
418 1058 557 1103 choro
571 1057 780 1104 adhibito
795 1057 1027 1103 enarravit
1040 1057 1189 1112 ?Quin
1207 1058 1364 1115 etiam,

14 1140 54 1183 si
83 1151 244 1198 sparsa
274 1134 501 1197 quaedam
533 1135 580 1179 iu
611 1132 814 1180 Aeneide
850 1133 952 1179 loca
988 1133 1234 1195 conges',
1270 1149 1365 1179 non

16 1213 254 1260 dubitabis
280 1211 394 1274 quin
409 1211 633 1272 Virgilius
659 1210 787 1256 hunc
810 1210 965 1272 ipsum
986 1209 1224 1271 Euripidis
1250 1209 1365 1256 cho-

15 1306 121 1336 rum
143 1290 332 1352 saepius
362 1289 410 1333 in
438 1292 596 1333 animo
624 1287 860 1343 habuerit,
888 1294 1026 1347 atque
1052 1286 1253 1332 carmini
1280 1303 1366 1333 suo

17 1367 151 1428 quasi
173 1367 376 1411 inserere
398 1379 425 1411 ((
446 1365 598 1410 versis
617 1365 796 1409 viarum
822 1362 1012 1408 indiciis
1039 1382 1059 1403 »
1086 1362 1329 1408 tentaverit
1353 1376 1365 1408 :

17 1442 126 1489 inde
149 1443 273 1489 enim
313 1442 481 1504 petitus
509 1448 578 1486 est
608 1439 686 1486 ille
715 1438 932 1486 Herculis
965 1438 1180 1495 habitus,
1208 1439 1364 1484 Aven-

15 1521 114 1565 tino
147 1518 310 1576 datus,
342 1525 559 1580 tegumen
592 1516 770 1562 scilicet
800 1515 951 1562 leonis
984 1516 1048 1561 ita
1083 1514 1368 1577 dispositum

14 1603 67 1641 ut
97 1601 246 1641 totum
272 1594 359 1639 viri
387 1609 438 1639 os
465 1593 590 1639 intra
613 1592 734 1638 ferae
754 1591 933 1638 hiatum
955 1591 1228 1653 appareat³;
1256 1590 1368 1637 inde

22 1670 238 1718 Centauri
264 1684 273 1715 :

74 1829 108 1864 1.
141 1821 199 1863 Cf.
226 1821 405 1869 Callim.‚
427 1823 572 1873 Hymn.
593 1821 645 1860 ad
671 1821 780 1861 Cer..·
798 1822 953 1859 Κάλλιον
976 1822 1023 1864 ὡς
1045 1819 1224 1859 πολίεσσιν
1241 1820 1369 1859 ἑαδότα

13 1883 140 1932 τέθμια
163 1883 268 1922 δῶκε.
293 1903 344 1910 -
365 1879 499 1932 Diod,
519 1879 570 1931 V,
598 1885 636 1920 5.

69 1946 107 1980 2.
140 1941 327 1980 Hercules
346 1943 499 1989 sarens,
523 1936 745 1978 stis—Cf.
761 1936 916 1977 Friedr.
942 1938 1008 1977 Die
1030 1936 1255 1985 moliens.
1271 1940 1365 1976 469-

13 1998 194 2039 Beinahe
225 1997 322 2037 alles
352 2011 433 2037 was
464 1997 535 2036 der
572 1995 900 2051 Lebensperiode
933 1994 1004 2034 der
1043 1994 1244 2034 Kindheit
1281 1994 1368 2034 und

15 2056 179 2111 Jugend
218 2055 433 2097 desselben
466 2056 662 2109 angeliort
680 2054 837 2095 scheint
870 2054 913 2093 in
946 2053 1057 2094 einer
1084 2057 1248 2107 spiitern
1283 2053 1371 2092 Zeit

17 2115 241 2156 enstanden
271 2130 319 2155 zu
347 2114 435 2155 sein
462 2129 521 2155 wo
553 2115 642 2154 eine
673 2114 798 2154 sehon
829 2113 944 2152 mehr
972 2111 1248 2152 reflectirende
1275 2113 1369 2165 My-

15 2174 290 2227 thenbildung
311 2174 382 2214 das
393 2173 634 2213 Bedurfniss
657 2172 786 2212 fiihlte
804 2172 869 2212 die
886 2172 1050 2211 Lucken
1077 2170 1274 2211 zwischen
1296 2170 1370 2211 der

16 2234 175 2275 Greburt
193 2233 277 2273 und
301 2232 379 2273 den
402 2233 559 2273 Thaten
583 2232 653 2272 des
675 2232 831 2271 Helden
852 2229 1118 2270 auszufi'illen.

72 2299 108 2334 5.
139 2296 232 2333 Aen.
258 2293 351 2345 VII,
376 2297 466 2342 655,
491 2297 582 2332 666.
607 2290 666 2333 Cf.
691 2292 805 2331 Herc.
825 2294 928 2341 fur„
956 2294 1032 2329 359
1061 2301 1069 2328 ε

393 2369 540 2419 Πρῶτον
567 2368 629 2418 μὲν
655 2367 738 2410 Διὸς
761 2368 863 2410 ἄλσος

389 2429 554 2478 ἠρέμωσε
575 2428 712 2469 λέοντος

392 2486 514 2539 πύρσῳ
538 2487 566 2523 δ’
586 2484 843 2537 ἀμφεκαλύφθη

389 2545 505 2588 ξανθὸν
536 2543 637 2595 κρᾶτ’
661 2545 918 2587 ἐπινωτίσας

390 2604 489 2656 δεινῷ
508 2610 667 2655 χάσματι
694 2604 810 2654 θηρός.

17 2679 144 2724 Male,
168 2686 212 2717 ut
232 2677 404 2725 videtur,
428 2678 491 2717 Th
533 2679 603 2717 Fix
628 2679 683 2717 sic
705 2678 845 2718 vertit:
865 2697 885 2712 τ(
905 2684 945 2718 et
967 2676 1173 2731 cooperuit
1191 2675 1270 2716 sibi
1293 2677 1366 2716 ssaa
