1758 2903
627 151 838 187 -75-

60 233 140 281 des
163 241 286 281 certe
310 233 682 297 Neoptolemum,
707 235 756 281 in
785 235 943 283 sabula
969 252 1086 300 quae
1111 237 1408 286 Andromache

60 310 358 365 inscribitur,
389 325 518 355 arma
545 310 600 356 de
627 313 811 373 porticu
837 311 1134 377 diripientem
1161 315 1367 363 inducit¹
1393 331 1404 363 ε

60 386 147 433 hoc
172 387 266 433 fere
292 385 431 433 modo
450 387 671 450 Virgilius
692 387 819 435 hunc
842 405 982 436 usum
1009 391 1055 437 in
1084 392 1286 439 Aeneide
1308 408 1408 440 me-

59 470 225 520 morat,
259 462 545 511 heroicarum
575 465 971 512 consuetudinum
1002 472 1214 527 omnino,
1251 476 1306 515 ut
1336 469 1410 516 vi-

57 537 213 598 detur,
238 555 450 587 securus.
478 541 573 586 Nec
596 541 728 588 aliud
748 542 942 590 fortasse
962 542 1019 590 de
1040 559 1180 591 versu
1204 543 1283 591 illo
1306 545 1409 592 Vir·

59 615 232 678 giliano
260 616 522 679 putandum
547 627 617 664 est
638 634 777 681 quem
799 619 1019 666 nonnulli
1046 621 1322 685 interpretes
1349 621 1408 668 ad

60 706 136 739 res
161 693 393 739 Romanas
419 693 615 740 retulere
638 712 649 739 ε

220 791 406 832 Laocoon
430 793 569 832 ductus
590 792 781 846 Neptuno
802 798 908 833 sorte
929 793 1151 834 saeerd0s2.

62 879 246 944 Quippe
260 888 304 927 et
315 879 440 943 apud
457 882 710 927 Homerum
727 880 853 927 nulla
865 882 1040 928 mentio
1060 889 1129 929 est
1149 881 1411 929 sacerdotes

59 964 185 1003 sorte
210 956 354 1003 fuisse
380 955 568 1015 ductoe,
598 965 642 1003 et
673 956 797 1020 apud
823 959 1056 1005 Romanos
1083 965 1263 1005 constat
1284 958 1411 1005 hunc

61 1031 314 1094 aliquando
345 1032 548 1095 eligendi
583 1049 762 1080 morem
784 1042 1062 1097 usurpatum
1099 1034 1294 1094 fuisse³3
1331 1034 1412 1081 sed

60 1123 222 1155 ansam
260 1117 422 1171 poetae
454 1108 644 1156 videtur
676 1110 831 1172 potius
863 1108 1044 1156 dedisse
1076 1109 1327 1173 Sophocles
1362 1111 1411 1156 in

0 1242 1 1247 ¹
61 1186 333 1241 Laocoonte,
349 1201 441 1248 qua
454 1201 509 1232 ex
522 1184 680 1232 fabula
692 1184 810 1231 nihil
825 1193 989 1243 exstat,
1001 1194 1268 1233 exstatvero
1280 1201 1413 1250 argu·

0 1252 1 1309 ἶ
62 1270 275 1308 mentum
293 1262 340 1308 in
352 1262 533 1326 Hygino
548 1277 556 1308 :
569 1280 590 1305 «
606 1264 814 1308 Laocoon
828 1261 1007 1309 Acoetis
1022 1262 1165 1321 filius,
1178 1262 1413 1309 Anchisae

61 1338 217 1398 frater,
230 1338 462 1401 Apollinis
473 1338 704 1394 sacerdOS‚
716 1345 879 1385 contra
887 1337 1170 1385 voluntatem
1184 1338 1412 1401 Apollinis

63 1430 173 1463 cum
191 1430 397 1462 sororem
419 1415 633 1461 duxisset
652 1424 793 1477 atque
813 1413 986 1460 liberos
1000 1421 1287 1476 procreasset
1298 1422 1414 1461 sorte

63 1492 206 1538 dictus
234 1498 298 1537 est
322 1498 375 1538 ut
400 1506 585 1538 sacrum
611 1490 779 1537 faceret
803 1493 1019 1553 Neptuno
1047 1489 1105 1537 ad
1132 1490 1347 1538 littus⁴...
1364 1509 1408 1536 ».

63 1566 188 1623 Quid
210 1567 353 1631 igitur
378 1583 433 1614 ex
461 1566 684 1613 omnibus
709 1566 828 1614 locis
861 1582 980 1630 quos
1010 1565 1256 1614 attulimus
1279 1567 1412 1614 colli-

62 1642 267 1708 gendum
297 1643 404 1691 est?
433 1642 553 1690 lllud
578 1643 773 1703 scilicet,
798 1643 923 1707 quod
960 1647 1057 1706 Jam
1094 1643 1142 1689 in
1179 1644 1412 1708 principio

61 1722 329 1785 posuimus,
352 1736 453 1768 esse
475 1719 730 1784 quamdam
754 1721 805 1766 in
818 1718 1016 1767 Aeneide
1036 1719 1412 1766 commenticiam

61 1797 403 1861 antiquitatem,
420 1812 561 1859 quam
577 1796 805 1859 Virgilius
821 1804 900 1842 aut
909 1800 1007 1859 jam
1024 1811 1051 1842 a
1064 1796 1211 1859 poetis
1224 1797 1412 1843 Graecis

63 1874 364 1938 excogitatam
402 1873 598 1937 accepit,
636 1879 716 1918 aut
753 1871 1030 1919 eorumdem
1068 1872 1276 1935 exemplo
1311 1873 1412 1935 ipse

62 1950 358 2013 excogitavit.
383 1950 576 1997 Frustra
599 1957 752 1995 autem
773 1948 951 1995 labores
972 1949 1011 1995 si
1032 1948 1153 1996 hano
1167 1948 1242 1996 vel
1259 1948 1318 1996 ad
1337 1964 1412 1995 res

59 2029 310 2086 Romanas,
334 2026 406 2073 vel
428 2025 487 2072 ad
510 2026 720 2073 heroicas
745 2026 914 2073 referre
938 2025 1051 2072 velis
1064 2027 1094 2072 ⁵.

121 2229 156 2266 1.
186 2224 348 2281 Eurip.‚
364 2227 492 2267 Andr.
510 2240 549 2267 v,
577 2230 692 2267 1120.

115 2288 155 2326 2.
185 2287 280 2325 Aen.
306 2285 362 2336 Π,
389 2290 481 2325 201.

115 2347 156 2382 3.
187 2341 246 2383 Cf.
267 2343 380 2395 Tac,
406 2346 509 2384 Ann.
532 2343 567 2395 1,
600 2347 663 2384 56.

113 2409 152 2443 t„
184 2400 245 2443 Cf.
269 2401 473 2452 VVelcker,
507 2403 572 2443 Gr.
607 2405 687 2453 Tr.,
709 2415 751 2456 p.
783 2406 871 2442 152.

115 2466 155 2502 5.
184 2461 275 2501 Huc
308 2474 470 2516 quoque
498 2460 687 2501 videntur
711 2460 914 2515 pertinere
937 2472 1040 2514 quae
1069 2458 1119 2498 de
1138 2459 1349 2499 carchesiis
1374 2464 1415 2499 et

60 2520 228 2569 cymbiis
244 2519 480 2559 Macrobius
504 2519 666 2559 disserit
684 2521 867 2572 (Saturn.
884 2519 935 2569 V,
959 2518 1040 2570 21).
1063 2518 1171 2558 Haec
1191 2516 1300 2557 enim
1319 2530 1414 2557 vasa

60 2577 238 2618 Homero
276 2591 442 2632 prorsus
481 2576 702 2631 incognita,
741 2592 765 2618 a
803 2576 1047 2631 supellectili
1064 2578 1247 2616 Romana
1283 2574 1414 2615 aliena.

64 2642 192 2676 erant.
215 2638 405 2688 Καρχήσια
426 2635 470 2676 in
492 2636 746 2690 Asclepiadis
772 2643 811 2676 et
846 2635 1033 2691 Sapphus
1063 2634 1312 2675 carminibus
1336 2648 1413 2674 no-

67 2694 214 2748 minari
248 2701 446 2735 monstrat
482 2694 733 2736 Macrobius.
771 2693 884 2736 «Sed
908 2708 981 2734 nec
1014 2693 1187 2746 cymbia,
1216 2692 1342 2743 addit,
1367 2692 1410 2732 in
