<?xml version="1.0" encoding="UTF-8"?>
<!DOCTYPE html PUBLIC "-//W3C//DTD XHTML 1.0 Transitional//EN"
    "http://www.w3.org/TR/xhtml1/DTD/xhtml1-transitional.dtd">
<html xmlns="http://www.w3.org/1999/xhtml" xml:lang="en" lang="en">
 <head>
  <title>
</title>
<meta http-equiv="Content-Type" content="text/html;charset=utf-8" />
  <meta name='ocr-system' content='tesseract 3.04.00' />
  <meta name='ocr-capabilities' content='ocr_page ocr_carea ocr_par ocr_line ocrx_word'/>
</head>
<body>
  <div class='ocr_page' id='page_1' title='image "./demorumindoleinv00bouguoft_0092.png"; bbox 0 0 1758 2903; ppageno 0'>
   <div class='ocr_carea' id='block_1_1' title="bbox 913 157 1127 194">
    <p class='ocr_par' dir='ltr' id='par_1_1' title="bbox 913 157 1127 194">
     <span class='ocr_line' id='line_1_1' title="bbox 913 157 1127 194; baseline 0.005 -10"><span class='ocrx_word' id='word_1_1' title='bbox 913 157 1127 194; x_wconf 82' lang='lat'><strong>—76—</strong></span> 
     </span>
    </p>
   </div>
   <div class='ocr_carea' id='block_1_2' title="bbox 340 241 1747 1287">
    <p class='ocr_par' dir='ltr' id='par_1_2' title="bbox 340 241 1747 1287">
     <span class='ocr_line' id='line_1_2' title="bbox 410 241 1694 308; baseline 0.004 -20"><span class='ocrx_word' id='word_1_2' title='bbox 410 243 501 288; x_wconf 83' lang='lat' dir='ltr'>Nec</span> <span class='ocrx_word' id='word_1_3' title='bbox 516 241 669 289; x_wconf 90' lang='lat' dir='ltr'>solum</span> <span class='ocrx_word' id='word_1_4' title='bbox 684 247 865 306; x_wconf 86' lang='lat' dir='ltr'>poetae,</span> <span class='ocrx_word' id='word_1_5' title='bbox 881 242 960 290; x_wconf 90' lang='lat' dir='ltr'>sed</span> <span class='ocrx_word' id='word_1_6' title='bbox 979 250 1025 289; x_wconf 85' lang='lat' dir='ltr'>et</span> <span class='ocrx_word' id='word_1_7' title='bbox 1039 243 1244 292; x_wconf 86' lang='lat' dir='ltr'>artifices</span> <span class='ocrx_word' id='word_1_8' title='bbox 1262 259 1694 308; x_wconf 88' lang='lat' dir='ltr'>quoquecommen-</span> 
     </span>
     <span class='ocr_line' id='line_1_3' title="bbox 342 318 1687 386; baseline 0.003 -21"><span class='ocrx_word' id='word_1_9' title='bbox 342 319 502 365; x_wconf 86' lang='lat' dir='ltr'>ticiam</span> <span class='ocrx_word' id='word_1_10' title='bbox 518 318 647 365; x_wconf 89' lang='lat' dir='ltr'>illam</span> <span class='ocrx_word' id='word_1_11' title='bbox 661 320 1009 379; x_wconf 78' lang='lat' dir='ltr'>antiquitatem,</span> <span class='ocrx_word' id='word_1_12' title='bbox 1023 336 1166 382; x_wconf 91' lang='lat' dir='ltr'>quam</span> <span class='ocrx_word' id='word_1_13' title='bbox 1177 321 1687 386; x_wconf 81' lang='lat' dir='ltr'>imitareturVirgilius‚</span> 
     </span>
     <span class='ocr_line' id='line_1_4' title="bbox 343 395 1738 462; baseline 0.003 -19"><span class='ocrx_word' id='word_1_14' title='bbox 343 396 479 459; x_wconf 87' lang='lat' dir='ltr'>quasi</span> <span class='ocrx_word' id='word_1_15' title='bbox 502 395 885 459; x_wconf 82' lang='lat' dir='ltr'>praetendebant.</span> <span class='ocrx_word' id='word_1_16' title='bbox 903 397 1087 444; x_wconf 80' lang='lat' dir='ltr'>Etenim</span> <span class='ocrx_word' id='word_1_17' title='bbox 1111 399 1326 460; x_wconf 85' lang='lat' dir='ltr'>quamvis</span> <span class='ocrx_word' id='word_1_18' title='bbox 1344 399 1440 446; x_wconf 86' lang='lat' dir='ltr'>fere</span> <span class='ocrx_word' id='word_1_19' title='bbox 1456 414 1691 462; x_wconf 85' lang='lat' dir='ltr'><strong>nusquam</strong></span> <span class='ocrx_word' id='word_1_20' title='bbox 1735 443 1738 447; x_wconf 86' lang='lat'>.</span> 
     </span>
     <span class='ocr_line' id='line_1_5' title="bbox 345 462 1691 539; baseline 0.002 -20"><span class='ocrx_word' id='word_1_21' title='bbox 345 473 576 520; x_wconf 85' lang='lat' dir='ltr'>affirmare</span> <span class='ocrx_word' id='word_1_22' title='bbox 603 473 758 536; x_wconf 87' lang='lat' dir='ltr'>possis</span> <span class='ocrx_word' id='word_1_23' title='bbox 796 481 918 519; x_wconf 83' lang='lat' dir='ltr'>certa</span> <span class='ocrx_word' id='word_1_24' title='bbox 942 462 1176 536; x_wconf 84' lang='lat' dir='ltr'>quaedam</span> <span class='ocrx_word' id='word_1_25' title='bbox 1207 474 1320 520; x_wconf 86' lang='lat' dir='ltr'>artis</span> <span class='ocrx_word' id='word_1_26' title='bbox 1343 491 1479 537; x_wconf 88' lang='lat' dir='ltr'>opera</span> <span class='ocrx_word' id='word_1_27' title='bbox 1504 475 1691 539; x_wconf 80' lang='lat' dir='ltr'>Virgilii</span> 
     </span>
     <span class='ocr_line' id='line_1_6' title="bbox 345 548 1694 608; baseline 0.001 -12"><span class='ocrx_word' id='word_1_28' title='bbox 345 550 503 596; x_wconf 89' lang='lat' dir='ltr'>animo</span> <span class='ocrx_word' id='word_1_29' title='bbox 531 549 673 596; x_wconf 89' lang='lat' dir='ltr'>fuisse</span> <span class='ocrx_word' id='word_1_30' title='bbox 701 548 964 608; x_wconf 78' lang='lat' dir='ltr'>obversata,</span> <span class='ocrx_word' id='word_1_31' title='bbox 985 558 1141 596; x_wconf 87' lang='lat' dir='ltr'>tamen</span> <span class='ocrx_word' id='word_1_32' title='bbox 1173 551 1215 596; x_wconf 88' lang='lat' dir='ltr'>si</span> <span class='ocrx_word' id='word_1_33' title='bbox 1244 566 1352 597; x_wconf 89' lang='lat' dir='ltr'>eum</span> <span class='ocrx_word' id='word_1_34' title='bbox 1378 552 1694 599; x_wconf 84' lang='lat' dir='ltr'>monumentis</span> 
     </span>
     <span class='ocr_line' id='line_1_7' title="bbox 344 626 1694 689; baseline 0.001 -16"><span class='ocrx_word' id='word_1_35' title='bbox 344 626 557 689; x_wconf 83' lang='lat' dir='ltr'>antiquis</span> <span class='ocrx_word' id='word_1_36' title='bbox 603 626 841 672; x_wconf 87' lang='lat' dir='ltr'>Aeneiden</span> <span class='ocrx_word' id='word_1_37' title='bbox 887 628 1243 689; x_wconf 82' lang='lat' dir='ltr'>comparaveriS,</span> <span class='ocrx_word' id='word_1_38' title='bbox 1287 626 1495 674; x_wconf 91' lang='lat' dir='ltr'>heroicos</span> <span class='ocrx_word' id='word_1_39' title='bbox 1540 644 1694 675; x_wconf 88' lang='lat' dir='ltr'>mores</span> 
     </span>
     <span class='ocr_line' id='line_1_8' title="bbox 344 701 1696 768; baseline 0.002 -19"><span class='ocrx_word' id='word_1_40' title='bbox 344 701 505 749; x_wconf 91' lang='lat' dir='ltr'>eodem</span> <span class='ocrx_word' id='word_1_41' title='bbox 526 702 543 747; x_wconf 84' lang='lat' dir='ltr'>s</span> <span class='ocrx_word' id='word_1_42' title='bbox 544 718 619 749; x_wconf 91' lang='lat' dir='ltr'>ere</span> <span class='ocrx_word' id='word_1_43' title='bbox 632 701 772 748; x_wconf 89' lang='lat' dir='ltr'>modo</span> <span class='ocrx_word' id='word_1_44' title='bbox 791 702 850 749; x_wconf 91' lang='lat' dir='ltr'>ab</span> <span class='ocrx_word' id='word_1_45' title='bbox 868 702 1130 750; x_wconf 77' lang='lat' dir='ltr'>artificibus</span> <span class='ocrx_word' id='word_1_46' title='bbox 1150 719 1393 767; x_wconf 82' lang='lat' dir='ltr'>expressos</span> <span class='ocrx_word' id='word_1_47' title='bbox 1410 719 1504 767; x_wconf 90' lang='lat' dir='ltr'>quo</span> <span class='ocrx_word' id='word_1_48' title='bbox 1519 720 1547 750; x_wconf 88' lang='lat' dir='ltr'>a</span> <span class='ocrx_word' id='word_1_49' title='bbox 1563 713 1696 768; x_wconf 86' lang='lat' dir='ltr'>poeta</span> 
     </span>
     <span class='ocr_line' id='line_1_9' title="bbox 345 779 1696 844; baseline 0 -17"><span class='ocrx_word' id='word_1_50' title='bbox 345 779 600 843; x_wconf 90' lang='lat' dir='ltr'>descriptos</span> <span class='ocrx_word' id='word_1_51' title='bbox 646 779 795 826; x_wconf 86' lang='lat' dir='ltr'>fuisse</span> <span class='ocrx_word' id='word_1_52' title='bbox 841 780 1057 843; x_wconf 81' lang='lat' dir='ltr'>reperies,</span> <span class='ocrx_word' id='word_1_53' title='bbox 1107 781 1166 827; x_wconf 88' lang='lat' dir='ltr'>Ut</span> <span class='ocrx_word' id='word_1_54' title='bbox 1213 779 1442 827; x_wconf 84' lang='lat' dir='ltr'>nonnulla</span> <span class='ocrx_word' id='word_1_55' title='bbox 1482 780 1696 844; x_wconf 85' lang='lat' dir='ltr'>exempla</span> 
     </span>
     <span class='ocr_line' id='line_1_10' title="bbox 345 855 1695 920; baseline 0.001 -17"><span class='ocrx_word' id='word_1_56' title='bbox 345 857 559 916; x_wconf 80' lang='lat' dir='ltr'>afferam,</span> <span class='ocrx_word' id='word_1_57' title='bbox 590 856 627 902; x_wconf 93' lang='lat' dir='ltr'>si</span> <span class='ocrx_word' id='word_1_58' title='bbox 662 855 719 903; x_wconf 86' lang='lat' dir='ltr'>ad</span> <span class='ocrx_word' id='word_1_59' title='bbox 749 857 946 904; x_wconf 84' lang='lat' dir='ltr'>Dianam</span> <span class='ocrx_word' id='word_1_60' title='bbox 983 857 1205 920; x_wconf 83' lang='lat' dir='ltr'>respicies</span> <span class='ocrx_word' id='word_1_61' title='bbox 1237 873 1378 919; x_wconf 90' lang='lat' dir='ltr'>quam</span> <span class='ocrx_word' id='word_1_62' title='bbox 1405 855 1539 904; x_wconf 90' lang='lat' dir='ltr'>nobis</span> <span class='ocrx_word' id='word_1_63' title='bbox 1565 860 1695 920; x_wconf 85' lang='lat' dir='ltr'>spec-</span> 
     </span>
     <span class='ocr_line' id='line_1_11' title="bbox 340 933 1694 997; baseline 0 -17"><span class='ocrx_word' id='word_1_64' title='bbox 340 933 531 981; x_wconf 81' lang='lat' dir='ltr'>tandam</span> <span class='ocrx_word' id='word_1_65' title='bbox 556 933 764 996; x_wconf 88' lang='lat' dir='ltr'>plurima</span> <span class='ocrx_word' id='word_1_66' title='bbox 785 942 990 984; x_wconf 81' lang='lat' dir='ltr'>veterum</span> <span class='ocrx_word' id='word_1_67' title='bbox 1017 935 1152 997; x_wconf 89' lang='lat' dir='ltr'>signa</span> <span class='ocrx_word' id='word_1_68' title='bbox 1174 942 1431 996; x_wconf 85' lang='lat' dir='ltr'>praestant,</span> <span class='ocrx_word' id='word_1_69' title='bbox 1453 933 1694 996; x_wconf 87' lang='lat' dir='ltr'>pharetra-</span> 
     </span>
     <span class='ocr_line' id='line_1_12' title="bbox 343 1009 1694 1072; baseline 0 -15"><span class='ocrx_word' id='word_1_70' title='bbox 343 1018 436 1057; x_wconf 85' lang='lat' dir='ltr'>tam</span> <span class='ocrx_word' id='word_1_71' title='bbox 468 1010 646 1057; x_wconf 76' lang='lat' dir='ltr'>seilicet</span> <span class='ocrx_word' id='word_1_72' title='bbox 678 1010 1089 1072; x_wconf 80' lang='lat' dir='ltr'>succinctamque,</span> <span class='ocrx_word' id='word_1_73' title='bbox 1115 1011 1235 1056; x_wconf 91' lang='lat' dir='ltr'>mire</span> <span class='ocrx_word' id='word_1_74' title='bbox 1266 1025 1371 1056; x_wconf 90' lang='lat' dir='ltr'>cum</span> <span class='ocrx_word' id='word_1_75' title='bbox 1406 1009 1495 1057; x_wconf 90' lang='lat' dir='ltr'>hoc</span> <span class='ocrx_word' id='word_1_76' title='bbox 1529 1009 1694 1057; x_wconf 86' lang='lat' dir='ltr'>habitu</span> 
     </span>
     <span class='ocr_line' id='line_1_13' title="bbox 343 1085 1696 1151; baseline 0.001 -19"><span class='ocrx_word' id='word_1_77' title='bbox 343 1102 597 1150; x_wconf 84' lang='lat' dir='ltr'>congruere</span> <span class='ocrx_word' id='word_1_78' title='bbox 647 1085 931 1133; x_wconf 79' lang='lat' dir='ltr'>videbuntur</span> <span class='ocrx_word' id='word_1_79' title='bbox 976 1102 1144 1134; x_wconf 88' lang='lat' dir='ltr'>versus</span> <span class='ocrx_word' id='word_1_80' title='bbox 1196 1086 1372 1149; x_wconf 90' lang='lat' dir='ltr'>quibus</span> <span class='ocrx_word' id='word_1_81' title='bbox 1422 1086 1696 1151; x_wconf 82' lang='lat' dir='ltr'>depingitur</span> 
     </span>
     <span class='ocr_line' id='line_1_14' title="bbox 342 1161 1747 1229; baseline 0.001 -21"><span class='ocrx_word' id='word_1_82' title='bbox 342 1163 518 1221; x_wconf 91' lang='lat' dir='ltr'>Venus,</span> <span class='ocrx_word' id='word_1_83' title='bbox 540 1178 706 1226; x_wconf 80' lang='lat' dir='ltr'>quum,</span> <span class='ocrx_word' id='word_1_84' title='bbox 725 1162 853 1209; x_wconf 90' lang='lat' dir='ltr'>cultu</span> <span class='ocrx_word' id='word_1_85' title='bbox 874 1162 1117 1210; x_wconf 87' lang='lat' dir='ltr'>venatorio</span> <span class='ocrx_word' id='word_1_86' title='bbox 1141 1163 1391 1226; x_wconf 83' lang='lat' dir='ltr'>conspicua</span> <span class='ocrx_word' id='word_1_87' title='bbox 1405 1178 1507 1209; x_wconf 89' lang='lat' dir='ltr'>sese</span> <span class='ocrx_word' id='word_1_88' title='bbox 1521 1161 1699 1210; x_wconf 80' lang='lat' dir='ltr'>erranti</span> <span class='ocrx_word' id='word_1_89' title='bbox 1743 1225 1747 1229; x_wconf 69' lang='lat'>,</span> 
     </span>
     <span class='ocr_line' id='line_1_15' title="bbox 342 1238 933 1287; baseline -0.003 0"><span class='ocrx_word' id='word_1_90' title='bbox 342 1244 522 1287; x_wconf 85' lang='lat' dir='ltr'>Aeneae</span> <span class='ocrx_word' id='word_1_91' title='bbox 547 1238 735 1286; x_wconf 89' lang='lat' dir='ltr'>obviam</span> <span class='ocrx_word' id='word_1_92' title='bbox 761 1239 895 1286; x_wconf 81' lang='lat' dir='ltr'>offert</span> <span class='ocrx_word' id='word_1_93' title='bbox 920 1256 933 1285; x_wconf 75' lang='grc' dir='ltr'><strong><em>ε</em></strong></span> 
     </span>
    </p>
   </div>
   <div class='ocr_carea' id='block_1_3' title="bbox 502 1349 1515 1405">
    <p class='ocr_par' dir='ltr' id='par_1_3' title="bbox 502 1349 1515 1405">
     <span class='ocr_line' id='line_1_16' title="bbox 502 1349 1515 1405; baseline 0.002 -15"><span class='ocrx_word' id='word_1_94' title='bbox 502 1349 626 1391; x_wconf 88' lang='lat' dir='ltr'>Nuda</span> <span class='ocrx_word' id='word_1_95' title='bbox 640 1363 747 1404; x_wconf 90' lang='lat' dir='ltr'>genu</span> <span class='ocrx_word' id='word_1_96' title='bbox 767 1350 954 1405; x_wconf 80' lang='lat' dir='ltr'>nodoque</span> <span class='ocrx_word' id='word_1_97' title='bbox 975 1350 1092 1390; x_wconf 88' lang='lat' dir='ltr'>sinus</span> <span class='ocrx_word' id='word_1_98' title='bbox 1115 1349 1282 1391; x_wconf 89' lang='lat' dir='ltr'>collecta</span> <span class='ocrx_word' id='word_1_99' title='bbox 1302 1351 1515 1392; x_wconf 79' lang='lat' dir='ltr'>fluentes¹.</span> 
     </span>
    </p>
   </div>
   <div class='ocr_carea' id='block_1_4' title="bbox 502 1467 1758 1583">
    <p class='ocr_par' dir='ltr' id='par_1_4' title="bbox 502 1467 1758 1583">
     <span class='ocr_line' id='line_1_17' title="bbox 502 1467 1529 1523; baseline 0 -14"><span class='ocrx_word' id='word_1_100' title='bbox 502 1467 747 1521; x_wconf 85' lang='lat' dir='ltr'>Virginibus</span> <span class='ocrx_word' id='word_1_101' title='bbox 764 1468 902 1522; x_wconf 84' lang='lat' dir='ltr'>Tyriis</span> <span class='ocrx_word' id='word_1_102' title='bbox 923 1482 1011 1508; x_wconf 90' lang='lat' dir='ltr'>mos</span> <span class='ocrx_word' id='word_1_103' title='bbox 1035 1475 1096 1509; x_wconf 84' lang='lat' dir='ltr'>est</span> <span class='ocrx_word' id='word_1_104' title='bbox 1117 1475 1275 1523; x_wconf 86' lang='lat' dir='ltr'>gestare</span> <span class='ocrx_word' id='word_1_105' title='bbox 1296 1469 1529 1523; x_wconf 84' lang='lat' dir='ltr'>pharetram</span> 
     </span>
     <span class='ocr_line' id='line_1_18' title="bbox 502 1527 1758 1583; baseline 0.002 -16"><span class='ocrx_word' id='word_1_106' title='bbox 502 1528 794 1583; x_wconf 85' lang='lat' dir='ltr'>Purpureoque</span> <span class='ocrx_word' id='word_1_107' title='bbox 817 1527 895 1568; x_wconf 81' lang='lat' dir='ltr'>alte</span> <span class='ocrx_word' id='word_1_108' title='bbox 919 1541 1035 1568; x_wconf 87' lang='lat' dir='ltr'>suras</span> <span class='ocrx_word' id='word_1_109' title='bbox 1054 1527 1206 1582; x_wconf 83' lang='lat' dir='ltr'>vincire</span> <span class='ocrx_word' id='word_1_110' title='bbox 1225 1527 1421 1569; x_wconf 87' lang='lat' dir='ltr'>cothurno</span> <span class='ocrx_word' id='word_1_111' title='bbox 1432 1530 1462 1569; x_wconf 84' lang='lat'>².</span> <span class='ocrx_word' id='word_1_112' title='bbox 1749 1529 1758 1580; x_wconf 72' lang='grc' dir='ltr'>Ι</span> 
     </span>
    </p>
   </div>
   <div class='ocr_carea' id='block_1_5' title="bbox 343 1628 1758 2316">
    <p class='ocr_par' dir='ltr' id='par_1_5' title="bbox 343 1628 1750 1847">
     <span class='ocr_line' id='line_1_19' title="bbox 343 1628 1750 1694; baseline 0.001 -18"><span class='ocrx_word' id='word_1_113' title='bbox 343 1628 484 1691; x_wconf 89' lang='lat' dir='ltr'>Apud</span> <span class='ocrx_word' id='word_1_114' title='bbox 509 1631 766 1677; x_wconf 90' lang='lat' dir='ltr'>Homerum</span> <span class='ocrx_word' id='word_1_115' title='bbox 790 1645 918 1689; x_wconf 90' lang='lat' dir='ltr'>vero,</span> <span class='ocrx_word' id='word_1_116' title='bbox 943 1629 1159 1692; x_wconf 90' lang='lat' dir='ltr'>quamvis</span> <span class='ocrx_word' id='word_1_117' title='bbox 1183 1633 1282 1693; x_wconf 76' lang='lat' dir='ltr'>jaim</span> <span class='ocrx_word' id='word_1_118' title='bbox 1309 1629 1491 1694; x_wconf 86' lang='lat' dir='ltr'>sagittis</span> <span class='ocrx_word' id='word_1_119' title='bbox 1513 1628 1705 1678; x_wconf 87' lang='lat' dir='ltr'>dicatur·</span> <span class='ocrx_word' id='word_1_120' title='bbox 1748 1675 1750 1678; x_wconf 79' lang='grc'>,</span> 
     </span>
     <span class='ocr_line' id='line_1_20' title="bbox 344 1704 1696 1769; baseline 0.001 -17"><span class='ocrx_word' id='word_1_121' title='bbox 344 1704 622 1769; x_wconf 82' lang='lat' dir='ltr'>gaudere³et</span> <span class='ocrx_word' id='word_1_122' title='bbox 641 1707 691 1752; x_wconf 91' lang='lat' dir='ltr'>in</span> <span class='ocrx_word' id='word_1_123' title='bbox 714 1705 847 1753; x_wconf 90' lang='lat' dir='ltr'>silvis</span> <span class='ocrx_word' id='word_1_124' title='bbox 873 1705 1147 1764; x_wconf 65' lang='lat' dir='ltr'>dominari⁶,</span> <span class='ocrx_word' id='word_1_125' title='bbox 1162 1705 1374 1753; x_wconf 91' lang='lat' dir='ltr'>nondum</span> <span class='ocrx_word' id='word_1_126' title='bbox 1397 1714 1554 1754; x_wconf 89' lang='lat' dir='ltr'>tamen</span> <span class='ocrx_word' id='word_1_127' title='bbox 1567 1705 1696 1755; x_wconf 88' lang='lat' dir='ltr'>vide-</span> 
     </span>
     <span class='ocr_line' id='line_1_21' title="bbox 346 1782 1340 1847; baseline 0 -18"><span class='ocrx_word' id='word_1_128' title='bbox 346 1791 425 1830; x_wconf 85' lang='lat' dir='ltr'>tur</span> <span class='ocrx_word' id='word_1_129' title='bbox 449 1784 629 1829; x_wconf 86' lang='lat' dir='ltr'>cultum</span> <span class='ocrx_word' id='word_1_130' title='bbox 657 1782 794 1847; x_wconf 79' lang='lat' dir='ltr'>illum</span> <span class='ocrx_word' id='word_1_131' title='bbox 823 1783 1081 1828; x_wconf 84' lang='lat' dir='ltr'>venaticum</span> <span class='ocrx_word' id='word_1_132' title='bbox 1111 1782 1340 1829; x_wconf 86' lang='lat' dir='ltr'>induisse.</span> 
     </span>
    </p>

    <p class='ocr_par' dir='ltr' id='par_1_6' title="bbox 346 1852 1758 2152">
     <span class='ocr_line' id='line_1_22' title="bbox 411 1852 1752 1922; baseline -0.001 -15"><span class='ocrx_word' id='word_1_133' title='bbox 411 1862 661 1921; x_wconf 76' lang='lat' dir='ltr'>Neptunum</span> <span class='ocrx_word' id='word_1_134' title='bbox 685 1875 825 1906; x_wconf 88' lang='lat' dir='ltr'>suum</span> <span class='ocrx_word' id='word_1_135' title='bbox 848 1861 1078 1905; x_wconf 89' lang='lat' dir='ltr'>Homerus</span> <span class='ocrx_word' id='word_1_136' title='bbox 1106 1858 1296 1922; x_wconf 89' lang='lat' dir='ltr'>quidem</span> <span class='ocrx_word' id='word_1_137' title='bbox 1322 1866 1366 1905; x_wconf 88' lang='lat' dir='ltr'>ct</span> <span class='ocrx_word' id='word_1_138' title='bbox 1390 1875 1529 1906; x_wconf 90' lang='lat' dir='ltr'>curru</span> <span class='ocrx_word' id='word_1_139' title='bbox 1557 1858 1700 1907; x_wconf 84' lang='lat' dir='ltr'>donat</span> <span class='ocrx_word' id='word_1_140' title='bbox 1748 1852 1752 1857; x_wconf 66' lang='grc'><strong>’</strong></span> 
     </span>
     <span class='ocr_line' id='line_1_23' title="bbox 346 1910 1758 2008; baseline -0.001 -24"><span class='ocrx_word' id='word_1_141' title='bbox 346 1944 389 1984; x_wconf 89' lang='lat' dir='ltr'>et</span> <span class='ocrx_word' id='word_1_142' title='bbox 409 1938 611 2000; x_wconf 89' lang='lat' dir='ltr'>imperio</span> <span class='ocrx_word' id='word_1_143' title='bbox 632 1939 679 1983; x_wconf 95' lang='lat' dir='ltr'>in</span> <span class='ocrx_word' id='word_1_144' title='bbox 700 1938 908 1983; x_wconf 89' lang='lat' dir='ltr'>minores</span> <span class='ocrx_word' id='word_1_145' title='bbox 928 1936 1158 1999; x_wconf 90' lang='lat' dir='ltr'>quosdam</span> <span class='ocrx_word' id='word_1_146' title='bbox 1177 1939 1311 1996; x_wconf 79' lang='lat' dir='ltr'>DeOS,</span> <span class='ocrx_word' id='word_1_147' title='bbox 1335 1936 1693 1996; x_wconf 87' lang='lat' dir='ltr'>marisincolas;</span> <span class='ocrx_word' id='word_1_148' title='bbox 1754 1910 1758 2008; x_wconf 60' lang='grc' dir='ltr'><strong>ἶ</strong></span> 
     </span>
     <span class='ocr_line' id='line_1_24' title="bbox 347 2011 1758 2078; baseline 0 -18"><span class='ocrx_word' id='word_1_149' title='bbox 347 2013 544 2060; x_wconf 88' lang='lat' dir='ltr'>ubinam</span> <span class='ocrx_word' id='word_1_150' title='bbox 571 2023 725 2060; x_wconf 86' lang='lat' dir='ltr'>autem</span> <span class='ocrx_word' id='word_1_151' title='bbox 759 2013 892 2058; x_wconf 90' lang='lat' dir='ltr'>illum</span> <span class='ocrx_word' id='word_1_152' title='bbox 924 2014 1197 2059; x_wconf 84' lang='lat' dir='ltr'>comitatum</span> <span class='ocrx_word' id='word_1_153' title='bbox 1223 2014 1423 2074; x_wconf 89' lang='lat' dir='ltr'>reperies</span> <span class='ocrx_word' id='word_1_154' title='bbox 1453 2028 1547 2075; x_wconf 92' lang='lat' dir='ltr'>quo</span> <span class='ocrx_word' id='word_1_155' title='bbox 1573 2011 1699 2076; x_wconf 86' lang='lat' dir='ltr'>apud</span> <span class='ocrx_word' id='word_1_156' title='bbox 1754 2029 1758 2078; x_wconf 61' lang='lat' dir='ltr'>g</span> 
     </span>
     <span class='ocr_line' id='line_1_25' title="bbox 349 2088 1532 2152; baseline 0 -16"><span class='ocrx_word' id='word_1_157' title='bbox 349 2090 604 2152; x_wconf 88' lang='lat' dir='ltr'>Virgilium</span> <span class='ocrx_word' id='word_1_158' title='bbox 632 2088 952 2135; x_wconf 81' lang='lat' dir='ltr'>circumdatus</span> <span class='ocrx_word' id='word_1_159' title='bbox 978 2103 1060 2151; x_wconf 88' lang='lat' dir='ltr'>per</span> <span class='ocrx_word' id='word_1_160' title='bbox 1082 2089 1229 2134; x_wconf 85' lang='lat' dir='ltr'>maria</span> <span class='ocrx_word' id='word_1_161' title='bbox 1255 2088 1494 2135; x_wconf 85' lang='lat' dir='ltr'>invehitur</span> <span class='ocrx_word' id='word_1_162' title='bbox 1521 2104 1532 2136; x_wconf 90' lang='lat'><strong>:</strong></span> 
     </span>
    </p>

    <p class='ocr_par' dir='ltr' id='par_1_7' title="bbox 482 2195 1482 2316">
     <span class='ocr_line' id='line_1_26' title="bbox 483 2195 1458 2248; baseline 0 -10"><span class='ocrx_word' id='word_1_163' title='bbox 483 2199 591 2239; x_wconf 84' lang='lat' dir='ltr'>Tum</span> <span class='ocrx_word' id='word_1_164' title='bbox 613 2198 745 2238; x_wconf 85' lang='lat' dir='ltr'>variae</span> <span class='ocrx_word' id='word_1_165' title='bbox 772 2196 966 2238; x_wconf 85' lang='lat' dir='ltr'>comitum</span> <span class='ocrx_word' id='word_1_166' title='bbox 986 2196 1121 2248; x_wconf 88' lang='lat' dir='ltr'>facies,</span> <span class='ocrx_word' id='word_1_167' title='bbox 1144 2195 1340 2236; x_wconf 88' lang='lat' dir='ltr'>immania</span> <span class='ocrx_word' id='word_1_168' title='bbox 1359 2203 1458 2248; x_wconf 83' lang='lat' dir='ltr'>oete,</span> 
     </span>
     <span class='ocr_line' id='line_1_27' title="bbox 482 2261 1482 2316; baseline -0.003 -12"><span class='ocrx_word' id='word_1_169' title='bbox 482 2264 537 2304; x_wconf 89' lang='lat' dir='ltr'>Et</span> <span class='ocrx_word' id='word_1_170' title='bbox 552 2263 688 2304; x_wconf 89' lang='lat' dir='ltr'>senior</span> <span class='ocrx_word' id='word_1_171' title='bbox 707 2262 850 2304; x_wconf 86' lang='lat' dir='ltr'>Glauci</span> <span class='ocrx_word' id='word_1_172' title='bbox 872 2261 1018 2303; x_wconf 88' lang='lat' dir='ltr'>chorus</span> <span class='ocrx_word' id='word_1_173' title='bbox 1041 2262 1247 2316; x_wconf 79' lang='lat' dir='ltr'>Inousque</span> <span class='ocrx_word' id='word_1_174' title='bbox 1262 2261 1482 2303; x_wconf 85' lang='lat' dir='ltr'>Palaemon</span> 
     </span>
    </p>
   </div>
   <div class='ocr_carea' id='block_1_6' title="bbox 349 2415 1709 2766">
    <p class='ocr_par' dir='ltr' id='par_1_8' title="bbox 349 2415 1709 2518">
     <span class='ocr_line' id='line_1_28' title="bbox 349 2415 1709 2471; baseline 0 -13"><span class='ocrx_word' id='word_1_175' title='bbox 349 2423 486 2459; x_wconf 90' lang='lat' dir='ltr'>nostro</span> <span class='ocrx_word' id='word_1_176' title='bbox 500 2431 685 2458; x_wconf 87' lang='lat' dir='ltr'>sermone</span> <span class='ocrx_word' id='word_1_177' title='bbox 703 2417 901 2471; x_wconf 86' lang='lat' dir='ltr'>reperies;</span> <span class='ocrx_word' id='word_1_178' title='bbox 919 2423 981 2457; x_wconf 87' lang='lat' dir='ltr'>est</span> <span class='ocrx_word' id='word_1_179' title='bbox 1004 2416 1112 2456; x_wconf 89' lang='lat' dir='ltr'>enim</span> <span class='ocrx_word' id='word_1_180' title='bbox 1136 2429 1159 2455; x_wconf 87' lang='lat' dir='ltr'>a</span> <span class='ocrx_word' id='word_1_181' title='bbox 1176 2415 1422 2457; x_wconf 85' lang='lat' dir='ltr'>Graecorum</span> <span class='ocrx_word' id='word_1_182' title='bbox 1438 2415 1580 2471; x_wconf 87' lang='lat' dir='ltr'>paucis</span> <span class='ocrx_word' id='word_1_183' title='bbox 1601 2416 1709 2465; x_wconf 64' lang='lat' dir='ltr'>relar-</span> 
     </span>
     <span class='ocr_line' id='line_1_29' title="bbox 350 2473 1536 2518; baseline -0.001 -1"><span class='ocrx_word' id='word_1_184' title='bbox 350 2485 438 2517; x_wconf 88' lang='lat' dir='ltr'>tum</span> <span class='ocrx_word' id='word_1_185' title='bbox 452 2495 488 2518; x_wconf 74' lang='grc' dir='ltr'>ι).</span> <span class='ocrx_word' id='word_1_186' title='bbox 518 2477 624 2517; x_wconf 85' lang='lat' dir='ltr'>Tum</span> <span class='ocrx_word' id='word_1_187' title='bbox 649 2475 929 2517; x_wconf 84' lang='lat' dir='ltr'>Philemonem</span> <span class='ocrx_word' id='word_1_188' title='bbox 955 2482 993 2516; x_wconf 89' lang='lat' dir='ltr'>et</span> <span class='ocrx_word' id='word_1_189' title='bbox 1015 2474 1362 2515; x_wconf 80' lang='lat' dir='ltr'>Anaximandrum</span> <span class='ocrx_word' id='word_1_190' title='bbox 1386 2473 1536 2516; x_wconf 81' lang='lat' dir='ltr'>laudat.</span> 
     </span>
    </p>

    <p class='ocr_par' dir='ltr' id='par_1_9' title="bbox 408 2536 746 2588">
     <span class='ocr_line' id='line_1_30' title="bbox 408 2536 746 2588; baseline 0.003 -12"><span class='ocrx_word' id='word_1_191' title='bbox 408 2540 442 2576; x_wconf 91' lang='lat'>1.</span> <span class='ocrx_word' id='word_1_192' title='bbox 473 2536 626 2588; x_wconf 75' lang='lat' dir='ltr'>Aen.1,</span> <span class='ocrx_word' id='word_1_193' title='bbox 653 2541 746 2577; x_wconf 83' lang='lat'><strong>320.</strong></span> 
     </span>
    </p>

    <p class='ocr_par' dir='ltr' id='par_1_10' title="bbox 406 2601 570 2638">
     <span class='ocr_line' id='line_1_31' title="bbox 406 2601 570 2638; baseline 0.006 -3"><span class='ocrx_word' id='word_1_194' title='bbox 406 2601 446 2638; x_wconf 83' lang='lat'>2.</span> <span class='ocrx_word' id='word_1_195' title='bbox 478 2601 570 2636; x_wconf 84' lang='lat'>336.</span> 
     </span>
    </p>

    <p class='ocr_par' dir='ltr' id='par_1_11' title="bbox 408 2655 774 2705">
     <span class='ocr_line' id='line_1_32' title="bbox 408 2655 774 2705; baseline 0 -11"><span class='ocrx_word' id='word_1_196' title='bbox 408 2660 447 2695; x_wconf 89' lang='grc'>3.</span> <span class='ocrx_word' id='word_1_197' title='bbox 477 2657 525 2696; x_wconf 81' lang='lat' dir='ltr'>Il.</span> <span class='ocrx_word' id='word_1_198' title='bbox 551 2655 662 2705; x_wconf 88' lang='lat' dir='ltr'>XXI,</span> <span class='ocrx_word' id='word_1_199' title='bbox 682 2658 774 2694; x_wconf 75' lang='lat'><strong>481.</strong></span> 
     </span>
    </p>

    <p class='ocr_par' dir='ltr' id='par_1_12' title="bbox 409 2715 884 2766">
     <span class='ocr_line' id='line_1_33' title="bbox 409 2715 884 2766; baseline 0.002 -13"><span class='ocrx_word' id='word_1_200' title='bbox 409 2718 446 2756; x_wconf 79' lang='lat'>4.</span> <span class='ocrx_word' id='word_1_201' title='bbox 479 2715 524 2755; x_wconf 85' lang='lat' dir='ltr'>Il.</span> <span class='ocrx_word' id='word_1_202' title='bbox 545 2715 655 2766; x_wconf 85' lang='lat' dir='ltr'>XXI,</span> <span class='ocrx_word' id='word_1_203' title='bbox 675 2717 767 2765; x_wconf 65' lang='lat' dir='ltr'>l170,</span> <span class='ocrx_word' id='word_1_204' title='bbox 795 2718 884 2754; x_wconf 75' lang='lat'><strong>471.</strong></span> 
     </span>
    </p>
   </div>
  </div>
 </body>
</html>
