1758 2903
608 102 820 136 ..61-

42 187 180 248 gione
199 186 443 232 Homerica
464 187 654 240 versari,
675 185 756 231 sed
773 185 1043 247 Euripidem
1059 185 1230 233 aliosve
1245 187 1386 234 etiam

40 270 216 325 poetas,
245 268 295 306 ut
321 260 542 323 Euripide
558 262 712 307 forsan
736 263 933 324 priores,
955 263 1020 308 ita
1045 269 1166 309 certe
1189 264 1389 309 Homero

40 337 313 400 posteriores
338 338 491 399 sequi.

110 416 332 476 Ἥφαιστος
365 412 489 476 apud
514 415 767 460 Homerum
795 413 983 477 clypeos
1029 413 1214 472 loricas,
1241 416 1387 477 tripo-

44 480 146 547 das,
176 490 335 534 omnia
364 488 570 552 denique
600 505 719 552 quae
750 506 804 536 ex
833 506 954 548 aere,
990 500 1070 536 aut
1096 502 1285 554 argento
1311 500 1392 537 aut

43 581 158 611 auro
196 565 336 623 fiunt,
378 566 492 628 ipse,
531 567 719 612 nemine
756 582 943 628 operam
993 567 1257 629 praebente,
1301 568 1389 613 mi-

45 642 237 687 nisterio
286 641 608 688 tantummodo
640 641 819 688 sollium
853 652 931 688 aut
970 642 1198 705 forcipum
1237 660 1317 705 per
1345 660 1392 690 se

44 715 355 761 laborantium
398 732 528 772 usus,
578 715 849 761 fabricatur.
895 716 1154 777 Virgiliano
1193 716 1279 763 deo
1315 717 1394 762 ad-

44 800 153 838 sunt
183 792 392 851 Crclopes
432 791 530 853 qui,
567 807 713 852 quum
741 789 866 853 apud
904 794 1161 838 Homerum
1187 801 1395 856 pastores

44 869 140 913 sint
183 868 410 913 inusitata
446 866 783 928 magnitudine,
832 865 964 913 lactis
988 868 1034 912 in
1073 884 1261 914 caseum
1287 885 1393 932 pre-

45 943 204 989 mendi
245 943 342 988 sere
386 950 565 988 tantum
608 942 756 1004 periti,
797 943 846 987 in
892 942 1126 1004 pascendo
1160 947 1391 1006 occupati,

45 1034 288 1080 nunquam
317 1018 550 1064 officinam
586 1017 800 1063 fabrilem
838 1025 950 1063 sunt
985 1018 1203 1079 ingressi.
1233 1021 1392 1066 Hesio-

45 1095 160 1141 dum
191 1111 377 1158 quoque
422 1101 660 1141 auctorem
703 1093 908 1140 audendi
946 1094 1130 1141 videtur
1171 1096 1393 1144 habuisse

47 1171 274 1234 Virgilius
324 1171 447 1234 qui¹.
492 1173 824 1234 Pyraemonem
869 1172 1061 1234 cyclopa
1106 1175 1305 1219 Brontae
1343 1190 1395 1220 ac

45 1248 228 1310 Steropi
260 1248 476 1293 comitem
509 1246 739 1309 adjungit.
774 1247 916 1308 Atqui
944 1250 1069 1294 Maro
1111 1253 1211 1311 Jam
1238 1249 1396 1312 Cyclo-

47 1338 128 1384 pas
158 1323 206 1368 in
236 1323 369 1369 tertio
405 1322 542 1377 libro,
577 1330 620 1368 et
654 1322 759 1368 illos
783 1322 977 1384 quidem
1016 1326 1289 1371 Homericos
1324 1326 1395 1370 in-

47 1398 258 1457 duxerat,
295 1415 444 1462 quum
476 1398 755 1444 describitur
795 1397 1111 1461 Polyphemus
1149 1407 1192 1445 et
1237 1402 1397 1447 conci-

48 1475 168 1521 lium
198 1474 315 1521 illud
363 1483 685 1520 monstrorum
725 1473 784 1519 ad
818 1489 944 1519 mare
980 1476 1394 1536 concurrentium3

49 1550 129 1597 sed
163 1558 311 1614 poeta,
341 1550 470 1597 nulla
497 1557 622 1597 certa
659 1549 775 1613 lege,
806 1565 933 1595 nunc
960 1549 1019 1596 ab
1048 1553 1250 1597 Homero
1285 1568 1394 1614 pen-

49 1627 142 1686 det,
179 1643 304 1674 nunc
331 1627 502 1674 fabulis
538 1634 639 1689 post
679 1629 935 1673 Homerum
974 1628 1095 1673 natis
1133 1627 1398 1691 iisdemque

50 1704 239 1751 omnino
275 1704 470 1751 diversis
509 1703 755 1750 materiam
789 1718 921 1749 suam
949 1702 1215 1767 distinguit.
1256 1704 1394 1763 Quid,

51 1780 176 1844 quod
213 1779 337 1843 apud
366 1779 613 1843 Virgilium
649 1779 815 1839 Apollo,
860 1779 978 1825 deus
1014 1780 1272 1826 medicinae
1308 1781 1399 1828 fac-

50 1868 142 1915 tuS,
164 1857 372 1921 lapidem

264 2020 483 2068 potestates
506 2013 723 2053 herbarum
747 2027 948 2066 usumque
970 2012 1182 2053 medendi2

54 2170 201 2228 «locet,
241 2185 390 2230 quum
429 2169 632 2214 sciamus
666 2167 790 2230 apud
832 2171 1087 2214 Homerum
1131 2169 1398 2231 Apollinem

54 2247 252 2309 augurio
275 2253 455 2291 tantum
481 2253 524 2291 et
548 2246 706 2290 cantui
736 2245 935 2290 vacare?
957 2245 1017 2290 At
1046 2261 1138 2290 non
1170 2261 1255 2291 nos
1284 2245 1402 2305 fugit

55 2338 242 2385 quoque
263 2321 466 2385 ejusdem
492 2321 565 2367 dei
587 2328 740 2384 partes
764 2336 790 2366 a
811 2321 996 2367 Graecis
1022 2321 1169 2382 poetis
1194 2321 1258 2366 ita
1280 2328 1404 2384 post-

57 2413 110 2443 ea
150 2405 311 2443 auctas
351 2397 497 2443 fuisse
536 2405 588 2443 ut
626 2397 816 2443 Paeonis
861 2397 1077 2455 nomine,
1118 2396 1403 2443 medicinam

117 2595 149 2628 l.
181 2590 273 2629 Aen.
301 2588 412 2639 vm,
438 2593 528 2628 425.
557 2586 616 2629 Cf.
639 2587 755 2639 Hes„
787 2589 919 2638 The'oq.
951 2591 1039 2628 140.

113 2654 145 2688 2*
183 2649 388 2700 X11,396.
415 2646 473 2687 Cf.
497 2649 548 2698 X,
574 2652 667 2686 315.
