1758 2903
591 103 832 140 '—57—

56 192 244 239 vissime
280 197 562 237 memoratos
599 189 733 236 liceat
776 190 957 252 equites
999 189 1188 248 habere,
1228 189 1400 251 quippe

53 284 172 331 quos
198 268 335 315 ducat
357 283 366 313 :

211 385 338 423 Astur
361 397 463 437 equo
488 382 616 423 fidens
640 389 680 423 et
702 382 1014 424 versicoloribus
1031 382 1168 422 armis.

52 495 149 540 Iam
170 493 367 556 propius
389 509 463 538 res
488 492 797 539 consideranti
824 491 1065 555 apparebit
1092 492 1140 537 in
1166 498 1401 555 postrema

55 569 149 615 acie
175 568 232 615 de
259 585 352 632 qua
379 567 577 615 dicitur:

108 683 228 724 Mille
248 683 354 738 rapit
376 684 547 737 (Asylas)
568 683 714 724 densos
737 683 819 724 acie
841 690 959 738 atque
978 683 1239 724 horrentibus
1258 683 1402 734 hastis,

58 801 180 840 stare.
205 792 398 856 legionis
427 795 661 839 Romanae
689 794 897 839 hastatos.
917 795 1144 851 Principes
1168 808 1274 838 vero
1298 793 1405 854 quis

58 884 152 914 non
180 870 420 931 agnoverit
443 885 590 932 quum
625 876 669 915 et
695 870 924 915 Massicus
952 876 1138 928 vocetur
1164 869 1402 931 princeps,

56 952 102 991 et
131 944 178 989 hi
215 943 388 991 milites
419 945 466 991 in
505 944 684 1008 legione
719 944 850 991 mille
877 945 1066 991 ducenti
1099 942 1276 991 essent!
1306 947 1403 992 Jam

58 1030 296 1068 sexcentos
331 1022 437 1084 quis
468 1030 602 1085 neget
631 1024 829 1069 Triarios
855 1038 973 1080 esse,
1006 1039 1152 1085 quum
1185 1037 1407 1068 numerus

57 1096 340 1145 consentiat!
392 1101 590 1146 Juvenes
641 1098 833 1161 quidem
877 1115 954 1145 eos
1003 1106 1135 1161 poeta
1185 1097 1404 1161 appellat,

57 1173 417 1237 πρεσέυτάτους
457 1173 697 1238 Polybius,
728 1174 851 1237 quod
878 1191 971 1220 non
997 1173 1132 1237 plane
1158 1173 1405 1229 consentit,

60 1251 138 1297 sed
166 1267 310 1313 quum
333 1250 558 1314 Virgilius
580 1251 798 1314 subjiciat
818 1266 894 1296 eos
921 1260 1133 1312 expertos
1159 1249 1266 1295 belli
1287 1264 1407 1303 esse,

60 1326 180 1373 fiunt
210 1328 346 1390 quasi
372 1343 462 1373 usu
491 1342 648 1373 rerum
679 1335 722 1373 et
756 1327 950 1372 militari
982 1327 1181 1372 scientia
1211 1333 1407 1371 veteres.

59 1403 262 1450 Tandem
288 1413 514 1451 trecentos
539 1403 597 1449 ab
618 1403 709 1450 llva
731 1404 982 1466 prosectOS,
1007 1412 1058 1449 ut
1077 1419 1162 1466 pro
1182 1400 1412 1448 Velitibus

61 1481 270 1543 accipere
297 1480 423 1536 ve2it,
454 1479 593 1527 lector
619 1482 844 1543 rogatur¹.

120 1655 153 1690 l.
186 1649 317 1690 Nobis
340 1649 505 1703 quidem
528 1656 612 1690 tota
633 1649 730 1690 haec
751 1649 971 1705 disputatio
991 1650 1108 1703 jocus
1132 1662 1176 1688 ac
1199 1647 1321 1688 ludus
1350 1647 1410 1687 vi-

63 1709 181 1749 detur
204 1723 305 1750 esse.
331 1709 479 1749 Paucis
509 1716 645 1750 tamen
673 1716 732 1750 est
758 1710 1087 1764 respondendum
1107 1723 1157 1748 ne
1184 1715 1414 1748 controver-

63 1768 165 1808 siam
188 1767 328 1821 fugere
359 1769 582 1810 videamur.
611 1771 665 1810 Ut
689 1769 766 1809 sub
796 1770 941 1822 Astyre
972 1775 1197 1809 tercentum
1227 1767 1414 1808 Caereta-

63 1842 137 1868 nos
179 1828 361 1882 aliosque
397 1830 591 1868 Etruscos
635 1828 761 1869 fuisse
805 1829 1088 1882 concedamus,
1133 1842 1215 1867 non
1256 1833 1414 1867 constat

63 1887 203 1941 Astyri
227 1902 320 1927 suas
339 1901 419 1927 non
440 1887 566 1928 fuisse
587 1887 812 1941 peculiares
843 1889 999 1941 copias3
1027 1901 1172 1942 nempe
1193 1885 1410 1940 Virgilius,

63 1948 210 2000 Astyre
249 1953 468 1987 memorato
511 1947 624 1986 addit
663 1961 672 1987 ε
714 1948 959 1987 Tercentum
1005 1949 1204 1998 adjiciunt
1210 1977 1289 1988 .....
1334 1946 1414 1996 Qui

66 2005 228 2046 Caerete
253 2006 388 2054 domo,
421 2014 549 2048 eto...
572 2006 733 2057 Quibus
766 2014 901 2047 autem
926 2007 1053 2060 copiis
1077 2005 1299 2060 adjiciunt?
1334 2019 1416 2045 non

64 2065 234 2106 Massici
266 2072 336 2105 aut
366 2065 513 2118 Asylae
553 2066 680 2121 copiis
705 2065 892 2106 videlicet
921 2066 991 2106 sed
1016 2065 1177 2118 Astyris
1207 2064 1417 2115 exercitui,

66 2125 182 2177 cujus
210 2124 286 2164 viri
320 2125 542 2165 novissima
573 2125 725 2165 mentio
755 2132 816 2165 est
843 2126 974 2165 facta?
1006 2126 1098 2165 Non
1128 2138 1195 2164 eae
1221 2130 1316 2163 sunt
1339 2124 1418 2162 As-

66 2184 166 2237 tyris
209 2184 346 2238 copiae
383 2185 453 2224 sed
487 2198 590 2238 quae
622 2184 790 2225 fortasse
823 2184 959 2239 copias
993 2183 1154 2237 Astyris
1195 2182 1413 2237 complent.

67 2244 160 2283 Non
176 2257 359 2297 repugno
379 2244 479 2297 quin
500 2250 662 2283 centum
683 2244 888 2298 Cupavoni
910 2244 1074 2294 dentur,
1098 2256 1331 2296 quanquam
1353 2241 1416 2281 illi

67 2301 186 2356 pauci
208 2302 311 2342 fiunt
334 2302 584 2357 paucissimi:
610 2303 682 2343 sed
701 2309 800 2356 quot
824 2303 974 2343 milites
998 2302 1186 2355 Cinyram
1220 2300 1419 2341 comiten-

67 2370 135 2401 tur
154 2375 225 2401 nec
245 2369 362 2416 poeta
382 2362 493 2410 dicit,
517 2376 589 2402 nec
603 2362 804 2417 interpres
829 2362 1003 2412 curavit3
1032 2360 1182 2401 debent
1195 2366 1331 2400 tamen
1353 2359 1419 2399 sui

68 2421 252 2474 Cinyrae,
299 2422 499 2475 Ligurum
539 2422 711 2476 ductori,
749 2422 902 2462 milites
942 2435 1028 2462 esse
1062 2436 1070 2462 :
1113 2435 1215 2474 quae
1254 2432 1418 2470 manus,

69 2480 333 2534 quantumvis
361 2482 519 2534 exigua,
552 2495 691 2522 omnes
723 2481 900 2521 rationes
927 2479 1158 2534 superiores
1186 2478 1416 2519 conturbat.

70 2540 296 2589 Praeterea,
319 2540 428 2593 quod
453 2540 572 2579 etiam
598 2541 725 2580 multo
752 2539 947 2590 gravioris
978 2539 1174 2579 momenti
1204 2545 1278 2589 est,
1318 2537 1418 2591 quid

72 2600 118 2638 lit
153 2598 201 2638 de
239 2598 476 2653 quingentis
508 2598 710 2639 militibus
740 2613 841 2653 quos
879 2600 1014 2639 Ocnus
1052 2597 1199 2638 dicitur
1231 2597 1280 2636 ab
1317 2596 1418 2637 urbe

71 2660 242 2703 Mantua
259 2659 300 2697 in
324 2658 487 2698 Latium
509 2659 674 2712 rapere?
699 2660 782 2698 Hos
803 2673 852 2698 ne
874 2664 1068 2698 memorat
1088 2656 1251 2711 quiden]
1282 2662 1418 2696 noster
