1758 2903
262 160 426 208 aliisve
466 158 653 205 semInis
694 158 1011 206 tribuuntur¹.
1052 161 1219 206 Herbas
1248 158 1446 206 falcibus
1483 163 1612 207 aenis

263 237 490 296 quaesitas
519 232 783 281 Macrobius
797 239 895 298 jam
933 233 1157 282 docuerat
1177 236 1225 282 in
1259 235 1338 282 illa
1367 234 1609 298 Sophoclis

263 310 500 376 tragoedia
552 311 750 358 inveniri
808 327 904 373 qua
956 311 1117 359 Medea
1168 311 1403 359 maleficas
1441 311 1612 359 herbas

264 390 477 451 χαλκέοισι
503 384 712 451 δρεπάνοις
739 396 866 433 secat
894 393 938 433 et
963 402 1156 434 succum
1187 387 1437 435 herbarum
1467 389 1514 435 in
1541 403 1614 434 ca·

265 464 348 511 dos
390 479 556 511 aeneos
592 466 806 526 χαλκέοισι
845 460 988 516 κάδοις
1026 462 1236 510 refundit
1251 465 1282 510 ².
1315 465 1614 526 Hippomanes

265 555 374 585 vero
408 555 500 585 non
535 539 599 585 ita
622 538 956 602 appellaretur,
989 540 1081 586 nisi
1112 538 1170 585 ad
1197 541 1418 587 Graecam
1444 555 1611 603 quam-

267 615 374 662 dam
390 615 651 677 opinionem
668 623 911 679 spectaret.
924 616 1016 663 Nec
1029 615 1084 662 de
1097 615 1339 663 divinandi
1352 625 1449 662 arte
1464 615 1611 675 aliud,

267 700 319 739 ut
347 691 546 750 videtur,
575 691 874 738 sentiendum
896 702 993 747 est;
1016 692 1140 755 quod
1166 694 1360 755 sanguis
1381 693 1512 738 visus
1530 707 1613 754 pro

267 767 470 816 infausto
498 769 652 816 omine
682 768 916 825 ducitur⁸‚
967 767 1094 829 quod
1139 767 1328 814 oracula
1352 782 1380 813 a
1418 767 1612 814 somniis

268 850 510 906 petuntur,
537 843 661 907 quod
689 860 777 891 vox
797 859 875 890 ore
895 843 1110 891 excidens
1136 843 1194 890 de
1214 843 1296 890 fati
1318 850 1398 890 aut
1419 843 1615 890 deorum

267 918 507 967 voluntate
529 927 722 984 putatur
737 919 987 967 admonere
1002 922 1031 978 ⁸,
1043 924 1143 983 jam
1161 921 1387 966 Homerus
1402 917 1615 982 exempla

268 1002 506 1058 praestare
533 996 704 1060 possit3
733 995 859 1059 quod
883 1002 1032 1042 terrae
1058 1003 1232 1055 motus,
1250 996 1457 1042 sonitum
1477 994 1619 1042 tubae-

268 1087 605 1135 armorumque
629 1088 711 1136 per
734 1088 872 1119 auras
893 1072 1128 1132 auditum,
1158 1072 1274 1119 coeli
1298 1074 1514 1134 χάσματα,
1537 1087 1618 1118 co-=

272 1155 419 1194 metas
451 1149 734 1212 sanguineos
762 1149 923 1197 Graeci
950 1165 1138 1212 quoque
1175 1164 1259 1212 pro
1286 1148 1505 1195 monstris
1532 1147 1619 1194 ha·-

271 1223 432 1284 buere,
466 1225 661 1284 nemini,
694 1234 745 1272 ut
779 1225 982 1285 videtur,
1011 1241 1102 1272 non
1140 1234 1318 1272 notum.
1352 1227 1473 1272 Num
1507 1240 1617 1288 ergo

275 1301 528 1364 quisquam
549 1309 592 1349 et
610 1302 791 1361 ignoret
814 1301 988 1365 templa
1026 1300 1151 1364 apud
1187 1302 1386 1348 Graecos
1411 1300 1620 1348 oraculo-

274 1392 378 1423 rum
412 1377 791 1440 quaerendorum
831 1393 970 1425 causa
1002 1377 1139 1437 adiri,
1167 1385 1213 1425 et
1245 1377 1617 1436 incubationem‚

274 1469 392 1515 quae
416 1470 580 1518 graece
602 1456 853 1517 ἐγκοίμτ.σις5
876 1454 1066 1514 dicitur,
1091 1454 1343 1517 aliquando
1361 1455 1409 1501 in
1432 1454 1624 1517 templis

276 1529 438 1577 eadem
464 1530 519 1577 de
544 1546 687 1577 causa
734 1531 837 1578 fieri
861 1532 882 1578 ?
911 1532 1141 1578 Numeros
1175 1546 1366 1594 quoque
1415 1546 1517 1577 esse
1546 1546 1621 1576 sa-

277 1621 400 1664 cros,
440 1607 639 1669 exempli
676 1622 836 1663 causa,
865 1616 1020 1654 ternas
1047 1623 1120 1654 res
1152 1623 1252 1654 esse
1297 1606 1460 1654 debere
1503 1622 1622 1669 quae

275 1681 334 1728 ad
372 1698 469 1728 rem
517 1682 725 1729 divinam
772 1684 1048 1740 attinerent,
1088 1691 1185 1729 tota
1228 1683 1323 1730 fere
1365 1683 1625 1745 antiquitas

276 1774 553 1820 persuasum
568 1759 752 1807 hahuit.
774 1759 966 1823 Singula
985 1758 1097 1822 quid
1112 1758 1334 1806 referam?
1346 1759 1624 1806 Communia

279 1842 391 1882 sunt
416 1835 484 1882 vel
511 1851 619 1882 cum
646 1836 887 1882 Homerica
913 1836 1189 1899 antiquitate
1211 1835 1284 1882 vel
1302 1851 1411 1882 cum
1429 1836 1625 1894 Graeca,-

278 1911 426 1958 multa
452 1919 553 1959 tum
575 1912 631 1958 ad
652 1927 750 1958 rem
771 1912 1044 1970 militarem,
1083 1920 1183 1959 tum
1214 1911 1272 1958 ad
1296 1913 1526 1976 privatam
1554 1912 1629 1958 vi-—.

278 1998 373 2035 tam
411 1989 716 2051 pertinentia3
762 1987 889 2035 velut
945 2005 1093 2052 quum
1136 2004 1265 2050 repes
1308 1988 1401 2051 ipsi
1445 1987 1624 2050 Judicia

280 2073 512 2119 exercent,
537 2080 686 2126 quum
712 2079 842 2110 sacra
866 2066 956 2128 ipsi
985 2065 1253 2127 perficiunt,
1270 2080 1419 2127 quum
1439 2064 1626 2128 regibus

280 2141 402 2188 dona
429 2158 454 2188 a
482 2141 671 2204 regibus
698 2142 971 2188 mittuntur.
1001 2143 1192 2188 Frustra
1216 2142 1362 2205 igitur
1377 2142 1626 2188 Lerschius

279 2216 492 2280 exempla
512 2231 674 2280 regum
703 2223 783 2262 aut
803 2215 1120 2279 judicantium
1147 2224 1229 2264 aut
1259 2216 1401 2264 sacris
1429 2233 1631 2282 operan-

338 2385 374 2419 1.
404 2378 464 2420 Cf.
487 2378 624 2434 Apoll.
648 2379 747 2427 Rh„
770 2380 844 2432 ΠΙ,
876 2385 949 2420 522
972 2386 1011 2420 et
1034 2394 1096 2434 sq.
1123 2379 1290 2433 Theoc.,
1314 2381 1370 2421 ΙΙ.

333 2443 372 2478 2.
403 2438 550 2488 Maon,
580 2438 629 2489 V,
662 2443 723 2478 19.
743 2438 970 2491 Tragoedia
993 2437 1187 2493 inscripta
1206 2445 1290 2478 erat
1313 2451 1320 2478 :
1347 2440 1536 2493 ριζοτόμοι.

333 2503 371 2536 3.
403 2498 451 2538 Ic.
476 2498 586 2550 XVI,
610 2502 702 2547 459,
721 2497 792 2536 ubi
813 2497 860 2536 de
877 2496 1022 2552 pluvia
1048 2497 1270 2551 sanguinea
1288 2498 1439 2551 agitur.

334 2564 372 2595 ti.
404 2561 498 2596 Aen.
523 2557 635 2604 xm,
666 2562 726 2596 17.
751 2555 809 2596 Cf.
835 2557 902 2597 Od.
927 2557 1058 2608 XVII,
1081 2562 1179 2608 547;
1200 2556 1290 2608 XX,
1310 2561 1376 2600 98.

338 2621 374 2654 5.
406 2613 465 2656 Cf.
489 2615 571 2657 uie.
593 2617 684 2657 Div.
707 2616 741 2667 Ι,
766 2620 830 2657 43.
