1758 2903
650 141 859 176 ..33-

79 225 198 271 tium
223 231 303 270 aut
324 222 445 270 dona
465 237 492 269 a
519 231 682 270 senatu
701 225 846 271 missa
864 224 1206 287 accipientium
1242 242 1298 274 ex
1324 225 1426 273 his-

83 301 202 347 toria
219 303 424 347 Romana
445 300 625 362 repetit.
641 299 767 346 Idem
792 301 992 363 scriptor
1007 299 1063 348 de
1082 302 1212 349 urbis
1227 303 1430 351 conden-

85 375 169 421 dae
193 390 321 420 more
347 375 584 421 disserens
619 375 734 422 haec
758 376 919 423 scribit
951 391 963 423 z
992 397 1012 420 «
1038 379 1221 425 Praeter
1245 395 1425 436 murOS‚

85 459 241 513 portas
272 452 463 514 viasque
497 460 663 499 stratas
692 453 879 500 maximi
904 455 1129 501 momenti
1156 471 1240 517 pro
1267 457 1428 503 Roma-

87 543 274 582 norum,
299 527 550 575 bellicosae
585 529 734 592 gentis
766 545 906 577 sensu
935 531 1038 593 ipsa
1075 543 1172 578 erat
1198 548 1308 579 arm.
1342 537 1430 579 Ea-

80 604 252 651 demin
270 604 491 651 omnibus
509 620 593 668 per
604 606 859 653 Aeneidem
881 615 1164 654 memoratur
1184 609 1424 671 oppidis».

28 721 35 727 .
81 683 141 728 At
166 697 295 727 arces
322 679 538 728 videntur
561 681 718 741 fuisse,
749 698 805 728 ex
833 698 929 745 quo
950 682 1121 745 oppida
1146 694 1305 747 coepta
1321 693 1431 732 sunt

83 758 224 805 condi
241 775 255 816 3
276 774 360 805 nec
375 757 424 805 id
440 759 636 805 minoris
661 759 888 805 momenti
910 760 1074 806 ceteris
1090 760 1276 823 populis
1288 777 1426 824 quam

83 834 303 882 Romanis
326 833 475 882 videri
501 833 678 898 debuit,
703 850 850 897 quum
868 843 962 882 tota
991 837 1263 900 antiquitate
1291 838 1429 885 urbes

83 916 248 958 contra
288 910 430 957 urbes
472 909 598 957 bella
658 911 901 974 gesserint.
946 912 1080 968 Quod
1132 913 1322 976 oppidis
1371 915 1429 962 ab

82 989 240 1034 Aenea
272 985 436 1033 aliisve
470 987 680 1050 TroJanis
722 987 889 1051 positis
934 989 1075 1035 Ilium
1115 988 1298 1037 inditur
1342 1007 1427 1038 no-

82 1079 210 1121 men,
238 1063 623 1111 consuetudinem
649 1080 743 1111 non
771 1065 914 1111 unius
939 1064 1100 1129 populi
1131 1066 1312 1128 Trojani
1349 1076 1430 1114 aut

80 1141 301 1200 Romani,
328 1140 409 1188 sed
437 1141 528 1188 fere
552 1142 765 1188 omnium
795 1141 1004 1204 gentium
1030 1145 1304 1205 agnoscas¹3
1340 1143 1428 1190 hoc

82 1225 250 1264 natura
277 1223 591 1264 monstratum
641 1225 736 1276 est3
779 1217 941 1265 eadem
986 1217 1198 1265 homines
1238 1218 1429 1266 aliunde

79 1302 206 1340 ortos
236 1291 373 1340 docet
401 1309 532 1340 amor
560 1296 735 1357 patriae
766 1302 811 1341 et
840 1293 928 1341 loci
955 1294 1126 1358 prioris
1151 1295 1284 1341 vivax
1311 1295 1429 1342 desi-

80 1367 281 1415 derium.
312 1371 490 1416 Clamor
515 1371 693 1416 bellicus
712 1377 756 1416 et
780 1369 965 1417 heroico
991 1378 1199 1433 tempore
1224 1370 1323 1417 tolli
1351 1387 1428 1418 so-

81 1444 231 1505 lebat3
254 1444 423 1508 legitur
445 1446 635 1508 quidem
655 1447 703 1493 in
721 1446 916 1494 Gelio':
937 1466 958 1490 κ
974 1446 1063 1493 Sed
1081 1463 1203 1493 enlm
1225 1447 1426 1494 Achaeos

81 1523 308 1568 Homerus
333 1538 539 1586 pugnam
563 1522 784 1586 indipisci
817 1523 881 1569 ait
909 1539 1001 1570 non
1036 1523 1335 1571 fidicularum
1365 1527 1426 1570 ti-

83 1597 363 1662 biarumque
397 1608 648 1658 concentu,
688 1599 769 1647 sed
799 1601 1028 1648 mentium
1065 1602 1428 1664 animorumque

77 1675 348 1738 conspiratu
375 1676 515 1723 tacito
541 1676 820 1724 nitibundos
849 1692 859 1723 ε

294 1772 342 1811 Οἱ
362 1773 393 1811 δ’
407 1772 462 1825 ἄρ’
479 1772 560 1813 ἴσαν
581 1777 662 1826 σιγῇ
682 1775 789 1824 μένεα
810 1775 982 1820 πνείοντες
1000 1775 1138 1828 Ἀχαιοὶ

301 1831 363 1871 Ἐν
387 1835 484 1886 θυμῷ
506 1836 688 1884 μεμαῶτες
712 1833 875 1884 ἀλεξέμεν
899 1835 1121 1883 ἀλλήλοισιν.

83 1919 170 1968 Sed
215 1920 596 1969 ardentissimum
632 1922 839 1970 militum
872 1923 945 1970 vel
993 1923 1325 1972 dimicantium
1358 1925 1429 1972 vel

83 1997 142 2043 ad
170 2014 375 2062 pugnam
411 1998 762 2062 procedentium
795 2000 1050 2064 aliquando
1083 2000 1185 2048 fieri
1211 2001 1310 2048 loca
1336 2004 1428 2049 Ho-

81 2075 197 2121 meri
229 2075 433 2137 plurima
478 2082 727 2123 testantur.
759 2078 880 2124 Dum
922 2078 1087 2137 Meri0,
1129 2078 1428 2142 Deiphobum

81 2151 173 2198 telo
215 2152 390 2199 frustra
431 2160 626 2199 conatus
676 2154 964 2214 interimere,
1007 2154 1201 2202 alteram
1244 2155 1429 2202 hastam

83 2234 381 2297 quaesiturus
405 2235 454 2281 in
477 2237 676 2282 tentoria
700 2238 889 2294 recedit,
920 2246 1053 2300 poeta
1075 2236 1230 2285 addit:

294 2335 341 2372 Οἱ
365 2334 395 2372 δ’
416 2334 514 2373 ἄλλοι
536 2335 726 2389 μάρναντο,
752 2337 816 2387 βοὴ
837 2338 865 2375 δ’
881 2336 1048 2381 ἅσὸεστος
1069 2337 1235 2390 ὀρώρειῆ

141 2456 175 2490 l.
207 2449 267 2492 Cf.
290 2451 458 2504 Herod,
480 2453 552 2504 IV,
578 2458 671 2494 204.
698 2454 796 2493 Post
820 2454 968 2494 Barces
1001 2454 1183 2506 exitium,
1214 2455 1432 2496 Persarum

82 2523 151 2549 rex
181 2509 369 2551 Barcaeis
400 2512 617 2566 quemdam
656 2512 893 2553 Bactrianae
934 2512 1114 2567 regionis
1151 2513 1283 2554 vicum
1320 2514 1434 2555 dedit

79 2582 204 2622 quem
228 2567 290 2608 illi
312 2569 466 2611 Barcen
488 2572 651 2612 nomine
673 2571 822 2612 dixere.

140 2633 178 2669 2.
210 2627 245 2677 Ι,
271 2628 333 2668 ch.
355 2642 413 2670 xl.

140 2692 178 2727 3.
212 2687 395 2738 Ιι.ΧΙΠ,
424 2693 508 2730 167.
