1758 2903
658 150 866 184 -55—

85 236 281 298 quidam
302 240 397 299 jam
423 235 696 296 interpretes
719 236 1036 295 putaverunt¹.
1067 234 1155 288 Qui
1184 249 1364 291 versus,
1391 235 1430 279 si

87 312 152 357 ita
177 311 261 357 tibi
291 308 553 356 audiendus
587 324 687 354 esse
720 308 972 366 videbitur,
1008 325 1098 355 non
1131 312 1227 370 jam
1258 309 1314 354 ad
1345 311 1432 355 Ro-

87 402 253 432 manos
282 386 580 448 potissimum
610 401 695 431 nec
725 384 782 431 ad
812 392 1009 432 aetatem
1042 385 1244 449 Virgilii,
1274 384 1353 431 sed
1377 384 1434 431 ad

85 478 244 509 omnes
263 461 479 524 populos,
502 462 547 507 in
570 462 744 523 quibus
767 460 906 508 modo
930 477 1142 523 proceres
1166 470 1273 508 sunt
1296 471 1435 522 atque

88 538 383 597 humiliores,
415 546 458 584 et
481 537 538 583 ad
561 537 718 583 omnia
744 537 838 583 fere
865 545 1074 600 tempora
1102 538 1318 600 pertinet.

152 617 247 662 Hoc
285 630 470 678 quoque
508 613 720 676 ejusdem
757 613 1026 659 subtilitatis
1058 615 1291 676 specimen
1328 613 1436 659 dare

85 690 286 738 videtur.
320 692 476 746 Quum
513 689 751 736 discordia
782 690 900 735 inter
933 690 1119 736 Latinos
1148 699 1191 736 et
1216 692 1437 752 Trojanos

86 768 279 814 fortuita
311 767 513 830 eruperit
548 774 591 812 et
629 766 782 811 statim
814 781 983 811 manus
1012 765 1106 812 duo
1139 766 1297 829 populi
1326 782 1439 812 con-

88 845 332 901 seruerim,
368 842 498 889 nulla
531 841 721 904 quidem
749 841 858 887 belli
894 842 976 888 suit
1007 841 1216 888 indictio.
1252 843 1435 888 Etrusci

82 919 362 983 jampridem
402 935 427 964 a
453 919 629 966 Latinis
655 919 929 964 Mezentium
962 918 1019 964 ad
1056 918 1345 980 supplicium
1375 934 1441 965 re-

88 995 367 1058 poscebant3
403 1011 494 1041 non
530 994 623 1040 alia
657 994 798 1040 fuisse
832 993 1020 1041 videtur
1060 995 1182 1040 inter
1214 995 1440 1041 Etruscos

87 1073 365 1135 Latinosque
399 1071 508 1119 belli
536 1071 844 1118 denuntiatio.
879 1071 1026 1132 Atqui
1057 1070 1159 1117 vult
1191 1071 1439 1117 Lerschius

85 1149 208 1212 apud
225 1149 475 1212 Virgilium
502 1149 755 1195 Romanam
782 1146 890 1194 belli
922 1147 1159 1194 indicendi
1186 1156 1439 1195 consuetu-

85 1226 240 1273 dinem
282 1241 334 1271 ac
368 1226 592 1271 rationem
629 1223 995 1286 deprehendere.
1037 1226 1245 1283 Turnus,
1285 1240 1439 1286 quum

87 1303 240 1364 primo
281 1302 437 1348 statim
480 1301 683 1348 adventu
727 1303 922 1363 TroJana
965 1307 1116 1347 castra
1167 1316 1438 1363 expugnare

90 1388 238 1441 parat,
268 1381 521 1426 exciamat:

165 1501 317 1556 Ecquis
341 1501 416 1541 erit
439 1500 810 1552 mecum‚juvenes,
835 1497 906 1553 qui
927 1498 1085 1552 primus
1108 1499 1150 1538 in
1174 1498 1363 1539 hostem?

167 1569 247 1615 En,
271 1566 341 1618 ait,
366 1572 405 1605 et
422 1563 604 1619 jaculum
627 1571 863 1618 attorquens
888 1563 1038 1603 emittit
1060 1564 1103 1602 in
1134 1577 1268 1615 auras,

171 1634 430 1683 Principium
444 1643 601 1681 pugnae
626 1636 666 1669 et
694 1643 834 1683 campo
865 1642 952 1669 sese
977 1628 1128 1668 arduus
1152 1629 1309 1668 infert2.

92 1746 320 1793 Continuo
340 1743 591 1791 Lerschius
620 1743 873 1788 memorat3
901 1760 923 1787 ‹(
948 1740 1073 1804 apud
1114 1743 1367 1800 RomanOS‚
1406 1743 1446 1788 si

94 1819 282 1886 quando
305 1836 415 1867 cum
437 1819 652 1865 finitimis
677 1817 913 1880 quoddam
934 1818 1143 1880 jurgium
1169 1826 1310 1876 esset,
1334 1833 1444 1864 eum

92 1897 333 1946 fecialibus
378 1895 611 1959 proficisci
659 1903 841 1957 patrem
881 1902 1135 1956 patratum,
1177 1894 1305 1941 hunc
1338 1901 1446 1940 ante

93 1977 213 2022 fores
236 1982 431 2020 stantem
460 1971 586 2018 clara
607 1986 710 2017 voce
731 1971 839 2017 belli
866 1986 1057 2016 causam
1084 1970 1257 2029 dicere,
1280 1970 1446 2017 deinde

93 2066 242 2115 quum
280 2049 456 2095 nollent
499 2047 656 2093 hostes
696 2047 867 2109 populo
911 2048 1117 2092 Romano
1161 2046 1442 2104 satisfacere,

93 2129 276 2174 hastam
310 2124 606 2188 conjicere».
637 2122 891 2169 Fatendum
921 2133 990 2169 est
1015 2123 1207 2185 quidem
1228 2140 1319 2170 non
1348 2124 1447 2170 sine

94 2202 372 2266 ambagibus
398 2209 581 2263 poetam
605 2199 664 2246 ad
693 2199 827 2245 illum
856 2215 1033 2246 morem
1064 2199 1299 2246 ailusisse.
1329 2201 1447 2256 Quis

94 2281 221 2327 enim
241 2281 451 2326 Turnum
467 2292 552 2339 pro
568 2286 697 2339 patre
715 2283 891 2340 patrato
913 2275 1081 2322 hahere
1099 2276 1234 2322 velit?
1247 2276 1446 2322 Ubinam

96 2365 250 2404 autem
277 2355 358 2402 illa
380 2354 624 2416 clarigatio
644 2369 785 2416 quam
810 2353 991 2399 feciales
1013 2352 1238 2399 dicuntur
1258 2353 1450 2399 secisse?

97 2437 162 2481 Ne
189 2432 245 2480 de
268 2432 390 2479 bello
417 2430 610 2493 quidem
633 2430 883 2478 indicendo
918 2430 1090 2493 agitur,
1119 2445 1265 2492 quum
1294 2429 1449 2492 prima

156 2591 190 2626 1.
223 2583 282 2624 Cf.
302 2585 349 2624 E.
377 2583 560 2634 Benoist‚
588 2586 682 2623 Aen.
705 2582 796 2632 XII,
824 2586 913 2622 520.

154 2650 190 2683 2.
225 2647 319 2683 Aen.
348 2644 419 2692 IX,
449 2648 513 2683 52.

154 2709 192 2744 3.
225 2701 408 2751 Lersch.,
436 2703 565 2751 Antiq.
593 2702 621 2753 ᾗ*
646 2706 709 2739 21.
