1758 2903
678 170 889 205 ...g-yffi

169 259 401 313 Ceterum,
421 255 460 299 si
481 270 572 300 non
593 259 688 318 jam
712 254 770 300 ad
794 253 1023 301 Aeneidos
1046 255 1359 318 propositum,
1382 270 1455 301 ve-

107 347 214 379 r-um
235 330 293 376 ad
315 331 460 393 ipsam
488 331 692 392 poeticae
720 338 934 376 naturam
965 331 1213 393 legemque
1241 346 1453 394 respexe-

107 408 189 466 ris,
227 405 459 469 judicabis
480 413 600 452 certe
627 407 866 452 materiam
903 423 930 452 a
964 413 1099 469 poeta
1135 417 1369 470 sumptam
1404 423 1455 454 eo

101 482 475 530 commodiorem
491 499 545 529 ac
564 482 813 529 feliciorem
833 499 933 529 esse
947 499 1039 545 quo
1054 487 1281 546 maj0rem
1304 484 1453 529 varie-

105 567 258 605 tatem·
274 567 411 622 atque
448 558 724 622 ampliorem
754 575 911 604 rerum
943 561 1125 621 copiam
1156 559 1278 604 intra
1311 575 1375 614 se,
1404 567 1456 604 ut

106 636 171 681 ita
196 635 373 694 dicam,
405 636 656 680 contineat.
700 634 835 689 Quod
865 636 903 680 si
932 650 1042 680 vero
1065 651 1116 679 ea
1144 643 1213 679 est
1243 643 1294 680 ut
1323 641 1456 696 poeta

105 712 257 773 possit
283 711 340 757 ab
367 711 455 757 alia
482 712 668 774 regione
688 711 734 756 in
755 710 894 756 aliam
913 710 1048 773 longe
1071 710 1304 755 diversam
1332 725 1456 755 eom-

106 802 280 846 meare,
310 803 437 833 nunc
462 787 545 832 has
584 785 966 843 eonsuetudines,
995 801 1119 830 nunc
1149 785 1251 830 illas
1283 785 1455 847 priori-

106 862 194 908 bus
208 878 399 925 prorsus
418 862 671 908 dissimiles
689 861 971 919 describere,
993 862 1228 907 fictaveris
1243 865 1451 918 miscere,

106 938 438 985 recentioribus
464 939 658 1001 antiqua
686 954 937 1001 opponere,
969 938 1157 983 heroica
1180 953 1285 983 cum
1310 937 1453 985 seculi

113 1015 410 1078 elegantioris
441 1016 538 1061 vita
578 1016 807 1072 conferre,
860 1014 992 1060 nulla
1025 1022 1145 1060 certe
1187 1013 1375 1060 uberior
1406 1029 1457 1060 ac

104 1091 348 1155 pulchrior
381 1092 473 1138 dici
506 1094 677 1155 poterit
707 1091 739 1137 ¹.
767 1092 922 1137 Talem
959 1100 1112 1137 autem
1145 1106 1246 1136 esse
1285 1091 1456 1137 Aenei-

106 1168 189 1215 dos
212 1168 453 1214 materiam
482 1171 592 1231 quis
615 1184 707 1214 non
728 1167 872 1225 videt,
903 1183 1049 1228 quum
1082 1169 1129 1212 in
1170 1167 1280 1213 Asia
1310 1183 1450 1225 nunc,

107 1260 234 1291 nunc
270 1245 319 1290 in
347 1244 477 1290 ltalia
499 1260 760 1303 versemur,
795 1260 942 1306 quum
977 1259 1102 1289 mare
1148 1244 1351 1306 Aegeum
1389 1251 1455 1289 tot

106 1319 276 1365 insulis
303 1319 573 1366 distinctum
602 1319 963 1382 pei-lustremus,
995 1334 1140 1380 quum
1184 1334 1286 1364 oras
1313 1319 1455 1363 Grae-

103 1397 203 1442 ciae
230 1395 460 1459 legamus,
493 1411 639 1458 quum
664 1396 713 1441 in
750 1394 907 1440 Sicilia
940 1411 993 1439 ae
1023 1393 1300 1457 Carthagine
1326 1409 1455 1439 com-

105 1488 360 1530 moremur,
390 1487 538 1534 quum
563 1471 678 1518 haec
714 1471 858 1516 dubia
903 1479 1131 1531 tempora,
1169 1485 1286 1532 quae
1309 1469 1452 1532 origi-

104 1564 185 1595 nes
206 1548 444 1606 dicuntur,
468 1557 512 1594 et
537 1549 591 1594 ad
621 1548 946 1610 antiquitatem
966 1547 1330 1593 remotissimam
1348 1562 1456 1608 per-

104 1626 286 1671 tineant
311 1633 356 1671 et
378 1623 611 1686 quidquid
635 1640 794 1687 postea
815 1625 1022 1670 futurum
1046 1623 1103 1669 sit
1121 1624 1257 1685 quasi
1277 1624 1322 1668 in
1346 1625 1454 1668 sinu

104 1700 382 1747 recondant?
409 1702 534 1756 Quas
549 1717 660 1763 opes
686 1703 730 1746 in
752 1699 903 1746 medio
922 1700 1034 1745 sitas
1054 1701 1094 1745 si
1118 1700 1174 1745 de
1197 1699 1454 1761 composito

104 1778 399 1841 neglexisset,
431 1777 469 1823 si
497 1785 623 1840 parte
647 1777 822 1823 omissa
849 1779 896 1822 in
933 1784 1055 1838 parte
1084 1782 1269 1822 tantum
1290 1775 1457 1821 elabo-

103 1853 250 1900 randa
273 1853 481 1899 studium
506 1861 641 1916 atque
668 1866 855 1915 operam
876 1852 1262 1915 consumpsisset,
1309 1867 1453 1913 quam

105 1932 382 1977 sententiam
409 1929 466 1976 de
490 1945 543 1977 eo
572 1930 833 1976 ferremus?
866 1936 1049 1991 poetam
1085 1929 1262 1976 scilicet
1292 1929 1341 1974 in
1377 1928 1456 1975 eli-

163 2075 197 2111 l.
230 2070 360 2120 Quam
389 2070 632 2111 sententiam
658 2070 870 2110 confirmat
890 2067 1216 2109 Chateaubriand
1242 2068 1322 2120 (Les
1348 2069 1456 2108 Mar-

105 2137 204 2181 tyrs,
226 2128 399 2183 preface)
423 2142 430 2169 :
459 2147 480 2165 κ
500 2130 525 2171 J
529 2143 548 2169 e
569 2143 632 2169 me
660 2129 746 2169 suis
767 2131 964 2183 peut-etre
996 2128 1117 2167 laisse
1142 2125 1300 2166 eblouir
1319 2140 1392 2180 par
1416 2126 1453 2166 le

103 2189 233 2242 sujet3
266 2188 298 2227 il
326 2190 405 2228 m'a
432 2188 587 2229 semble
610 2187 764 2229 second.
794 2188 858 2229 On
877 2188 973 2239 voit,
1000 2201 1049 2226 en
1070 2187 1176 2238 effet,
1203 2200 1254 2225 au
1277 2185 1453 2240 premier

104 2260 207 2299 coup
231 2242 477 2301 d’oeil,‘qu'il
510 2254 592 2288 met
614 2250 636 2288 a
658 2262 724 2287 ma
756 2247 1000 2301 disposition
1029 2245 1256 2299 l'antiquite
1287 2244 1451 2299 profane

105 2311 145 2345 et
164 2307 312 2346 saeree.
327 2307 391 2346 En
411 2312 540 2356 outre,
559 2306 631 2360 j'ai
655 2307 793 2346 trouve
814 2320 974 2359 moyen,
992 2319 1063 2358 par
1087 2304 1123 2343 le
1147 2303 1245 2343 reicit
1264 2311 1303 2343 et
1323 2318 1395 2358 par
1414 2304 1451 2344 le

105 2377 222 2404 cours
243 2365 313 2405 des
334 2365 606 2417 evenements,
629 2364 832 2405 d’amenei’
853 2364 892 2404 la
908 2364 1093 2419 peinture
1122 2363 1191 2402 des
1222 2362 1452 2403 differentes

103 2424 314 2476 provinces
342 2424 390 2464 de
418 2425 601 2479 l'empire
627 2426 784 2464 romain
807 2442 814 2463 :
837 2425 910 2478 j'ai
933 2422 1100 2463 conduit
1124 2422 1160 2462 16
1187 2422 1340 2462 lecteur
1360 2423 1452 2462 chez

106 2483 164 2523 les
182 2484 331 2523 Francs
359 2491 397 2524 et
423 2484 482 2523 les
506 2484 688 2536 Gaulois,
715 2498 765 2523 au
793 2483 964 2523 berceau
998 2482 1045 2522 de
1074 2495 1145 2521 nos
1174 2485 1369 2522 ancetres.
1395 2484 1454 2521 La.

105 2542 245 2592 Grece,
264 2541 425 2593 l'Italie,
447 2542 484 2582 la
506 2542 649 2594 helea,
674 2538 875 2596 l’Egypte,
904 2543 1061 2596 Sparte⁷
1088 2541 1281 2592 Athenes,
1308 2543 1451 2593 Rome,

104 2602 271 2655 Naples⁷
298 2602 540 2652 Jerusalem,
572 2603 795 2656 Memphis,
828 2602 886 2641 les
907 2601 1061 2640 vallous
1086 2600 1134 2639 de
1158 2599 1372 2650 l'Arcadie,
1394 2601 1453 2640 les

106 2661 261 2702 deseris
282 2663 330 2702 de
351 2662 389 2702 la
410 2662 617 2703 Thebaide
636 2668 726 2702 sont
751 2662 810 2702 les
844 2667 977 2702 autres
1005 2660 1139 2715 points
1162 2659 1209 2699 de
1227 2675 1301 2700 vue
1324 2674 1375 2700 ou
1393 2661 1457 2701 les

107 2723 378 2776 perspectives
403 2722 456 2761 du
479 2724 637 2763 talileau
662 2743 680 2759 υ
701 2758 706 2764 .
