1758 2903
715 140 923 176 ...ιι-

142 228 245 287 puli
270 226 455 272 Romani
477 225 741 285 descriptae.
759 226 961 288 Uterque
984 224 1190 284 libellus,
1213 232 1266 272 ut
1288 225 1346 273 ad
1370 242 1490 273 eam-

147 304 253 351 dem
269 304 492 349 rationem
516 302 609 348 fere
631 302 841 365 digestus
859 311 948 361 est,
972 303 1037 348 ita
1058 319 1248 366 quoque
1275 304 1489 351 eamdem

146 387 348 426 mentem
377 394 486 441 prae
507 394 555 424 se
584 378 688 424 sert.
715 380 833 424 Haec
852 386 935 435 est,
960 379 1076 440 ipsis
1096 379 1297 425 Lerschii
1314 380 1485 438 verbiS‚

144 455 313 517 prioris
339 457 552 501 summa¹
582 470 591 501 ε
623 474 645 496 «
675 454 920 501 Ordientes
946 455 1005 501 ab
1030 470 1082 501 eo
1110 454 1235 517 quod
1262 455 1389 517 apud
1412 472 1492 503 ve·

143 540 261 578 teres
297 548 536 578 summum
569 540 685 589 erat,
717 532 960 578 ostendere
994 534 1145 577 conati
1175 547 1359 590 sumus,
1397 533 1488 578 rei-

147 627 170 649 «
195 607 411 670 publicae
450 609 644 654 formam
678 624 798 670 quae
827 609 875 653 in
915 607 1117 654 Aeneide
1152 614 1388 671 appareat,
1429 608 1488 655 ab

147 701 169 728 (t
199 686 397 730 Homero
423 684 660 730 diversam
694 691 737 730 et
762 700 786 730 e
811 685 1126 730 Romanorum
1153 685 1383 731 institutis
1409 700 1486 731 ex-

146 777 168 801 α
195 759 463 823 plicandam
513 776 632 806 esse.
677 759 814 816 Quod
859 761 1158 806 firmavimus
1215 759 1487 823 adjicientes

145 855 167 876 «
196 835 423 898 quasdam
448 837 664 882 notiones
681 837 806 899 Juris
820 836 1009 897 privati.
1028 837 1079 881 ln
1095 835 1488 898 sequentideinde

144 929 167 956 <c
194 920 323 974 parte
338 912 619 976 clariusjam
637 920 680 959 et
694 911 954 958 dilucidius
970 911 1199 967 vidimus,
1213 928 1266 958 ea
1280 928 1484 975 quoque,

145 1008 167 1030 (t
194 1005 311 1049 quae
329 988 387 1034 ad
410 1005 506 1035 rem
534 989 783 1035 militarem
807 989 1091 1051 pertineant,
1121 1005 1145 1034 e
1171 991 1486 1036 Romanorum

145 1084 166 1108 «
196 1064 410 1111 moribus
435 1065 730 1128 deprompta.
761 1068 823 1111 De
850 1065 1049 1111 navibus
1069 1064 1339 1111 addidimus
1366 1081 1483 1111 non-

143 1158 165 1185 «
196 1140 343 1199 nulla,
365 1158 483 1203 quae
499 1142 626 1188 illam
647 1142 782 1188 nobis
805 1142 993 1187 firmare
1011 1141 1290 1188 videbantur
1308 1149 1486 1188 senten-

143 1236 163 1257 «
193 1218 319 1263 tiam.
345 1220 394 1263 ln
416 1220 554 1264 tertia
575 1226 673 1264 tum
697 1227 827 1281 parte
847 1234 1013 1281 magna
1028 1217 1284 1264 admodum
1307 1220 1484 1264 rituum

143 1313 165 1335 «
195 1309 436 1340 sacrorum
465 1310 488 1340 e
506 1296 648 1341 Roma
674 1296 928 1358 petitorum
956 1296 1090 1357 copia
1116 1295 1253 1340 nobis
1272 1294 1479 1349 affluxit;

142 1389 164 1410 <t
191 1377 470 1431 tantumque
494 1370 645 1417 abfuit
673 1379 724 1416 ut
754 1372 893 1417 anxie
920 1371 1006 1417 hos
1039 1387 1093 1417 ex
1123 1370 1327 1417 Aeneide
1354 1386 1484 1416 erue—

143 1465 163 1487 «
194 1461 371 1505 remus,
404 1456 454 1492 ut
481 1463 592 1493 cura
628 1463 713 1493 nos
747 1446 973 1506 quaedam
1002 1455 1221 1510 tangeret,
1251 1445 1483 1508 quomodo

141 1540 162 1565 ((
193 1537 351 1568 rerum
381 1522 569 1569 illarum
604 1525 876 1570 varietatem
916 1531 1021 1586 apte
1055 1523 1412 1585 disponeremus
1440 1532 1483 1569 et

140 1616 162 1642 c(
192 1598 529 1661 eloqueremur.
562 1602 668 1663 ipsa
705 1600 805 1655 illa,
836 1616 956 1662 quae
991 1599 1046 1646 de
1081 1599 1326 1646 funeribus
1372 1599 1483 1645 sub⁴

139 1695 159 1716 u
185 1679 496 1737 Junxeramus
526 1675 663 1722 latius
684 1677 806 1734 fusa,
826 1678 1171 1723 coarctavimus
1194 1675 1314 1722 etad
1336 1692 1484 1738 pauca

138 1770 160 1792 «
192 1752 512 1798 revocavimus
540 1763 792 1800 momenta.
822 1755 1042 1808 Quartam
1078 1752 1278 1814 denique
1302 1762 1480 1815 partem

141 1826 383 1873 «fecimus
418 1844 442 1874 e
474 1829 572 1873 vita
618 1829 871 1874 domestica
911 1845 1064 1874 mores
1100 1828 1331 1888 quosdam
1366 1827 1481 1873 deli-

82 1951 86 1954 ,
139 1922 161 1949 ((
190 1904 371 1963 hames,
404 1905 549 1967 probe
575 1913 726 1952 tamen
759 1906 1072 1967 intelligentes
1093 1906 1212 1951 hanc
1233 1907 1482 1967 praecipue

139 1999 161 2025 «
189 1983 347 2044 augeri
379 1991 423 2027 et
449 1982 669 2044 ampliari
702 1998 858 2044 posse.
888 1984 1045 2037 Quum
1083 1998 1188 2027 vero
1224 1980 1477 2044 republica,

141 2077 161 2099 «
191 2056 442 2120 disciplina
479 2058 691 2117 militari,
731 2058 970 2121 religione,
1010 2059 1197 2120 vitaque
1225 2057 1482 2103 domestica

140 2151 162 2177 <c
192 2148 355 2180 omnes
373 2143 604 2197 quotquot
622 2143 749 2193 sunt,
767 2151 975 2198 quasque
998 2144 1130 2197 poeta
1144 2134 1316 2197 aliquis
1332 2142 1482 2196 potest

142 2228 162 2251 «
193 2211 433 2272 respicere,
455 2212 576 2258 vitae
599 2213 804 2258 rationes
828 2211 1283 2274 comprehendantur
1300 2210 1481 2273 haeque

142 2307 163 2328 «
193 2296 345 2332 autem
364 2303 528 2334 omnes
545 2304 629 2351 per
651 2289 882 2351 integram
909 2286 1162 2333 Aeneidem
1174 2286 1230 2333 ad
1247 2289 1480 2334 Romanos

139 2381 160 2406 ‹<
192 2379 340 2408 mores
377 2365 470 2409 sint
501 2365 800 2410 adumbratae
833 2381 842 2410 ε
876 2365 1134 2410 necessaria
1161 2364 1481 2410 consecutione

140 2458 161 2483 «
190 2440 410 2498 efficitur,
439 2449 571 2487 totum
599 2445 677 2487 ltoc
700 2459 876 2488 carmen
906 2443 1093 2487 Romano
1117 2448 1286 2486 tantum
1312 2455 1480 2485 morum

136 2517 290 2562 habitu
313 2526 515 2563 ornatum
540 2535 631 2564 esse.
661 2539 705 2563 ».

196 2689 227 2722 l.
264 2685 312 2722 De
340 2687 491 2723 Morum
518 2687 557 2724 ιή
590 2686 741 2734 γίνῃίίῑὲ
761 2687 925 2724 Aeneide
943 2686 1090 2734 habim,
1116 2698 1155 2736 p.
1191 2688 1275 2723 110.
