1758 2903
688 175 928 212 -139—

131 277 368 325 nusquam
385 262 432 308 in
460 260 601 308 Iliade
621 268 761 325 atque
786 261 1011 326 Odyssea,
1032 265 1133 326 jam
1154 277 1263 310 vero
1282 261 1332 309 in
1350 260 1481 325 hym-

128 340 204 393 nis
230 338 487 385 Homericis
511 339 734 385 occurrit.

193 417 336 462 Arma
369 423 520 461 autem
557 430 651 461 non
691 431 874 478 semper
910 414 1157 462 hominum
1184 430 1328 462 manu
1363 413 1480 461 facta

129 491 295 538 heroes
321 490 446 554 apud
471 493 725 538 Homerum
751 507 909 555 gerere
931 490 1169 550 dicuntur,
1194 499 1240 537 at
1261 506 1314 537 ea
1339 505 1474 553 quae,

129 583 279 630 quum
304 567 353 613 in
376 567 558 614 officina
571 567 731 614 divina
755 567 930 614 fuerint
953 567 1169 626 conflata,
1188 567 1359 613 miram
1381 566 1477 612 vim

129 651 176 690 et
201 643 258 690 ad
293 643 583 706 repellendos
608 652 652 690 et
685 643 741 690 ad
780 643 1045 690 inferendos
1071 645 1191 690 ictus
1216 641 1474 706 possident.

128 721 230 767 Non
268 721 519 766 committit
552 720 772 784 Virgilius
798 726 851 766 ut
877 721 934 766 iis
969 720 1041 766 sui
1070 719 1233 766 heroes
1270 727 1473 766 careant.

129 797 250 843 Nota
273 804 381 843 sunt
409 812 539 843 arma
563 799 745 844 Aeneae
760 796 988 843 Vulcania
1019 797 1067 842 in
1100 811 1220 859 quae
1247 796 1287 842 si
1314 815 1335 839 «
1362 811 1479 842 mor·-

130 873 236 920 ,talis
254 890 403 920 mucro
421 893 442 917 »
475 873 777 937 impingitur,
797 894 819 916 «
848 874 1015 933 ylacies
1033 889 1109 919 cea
1126 873 1276 932 futilis
1296 890 1324 918 >³
1350 871 1482 919 dissi-

130 949 228 996 lit¹.
254 952 354 1012 Ipse
379 952 563 997 Turnus
586 949 745 1013 gladio
776 950 983 1012 cingitur

412 1085 534 1127 quem
556 1073 700 1113 Dauno
721 1072 956 1127 ignipotens
979 1071 1078 1112 deus
1099 1071 1188 1126 ipse
1209 1072 1372 1126 parenti

264 1137 428 1178 Fecerat
452 1144 490 1178 et
515 1137 655 1192 Stygia
678 1137 915 1178 candentem
936 1136 1109 1177 tinxerat
1127 1136 1278 1177 unda2.

129 1252 264 1298 Hunc
282 1264 436 1298 au’em
454 1251 664 1315 gladium
690 1252 1018 1315 incorruptum
1043 1252 1363 1315 invictumque
1384 1252 1477 1299 nisi

130 1327 363 1394 omisisset
397 1330 581 1376 Turnus
621 1344 806 1375 sumere
832 1345 884 1375 ac
919 1344 1002 1391 pro
1018 1345 1070 1375 eo
1098 1329 1270 1376 ferrum
1297 1329 1477 1376 Metisci

131 1405 320 1466 aurigae
344 1404 588 1468 rapuisset,
621 1421 767 1467 aequo
804 1407 947 1452 Marte
979 1421 1088 1452 cum
1118 1406 1273 1452 Aenea
1292 1421 1477 1469 pugna-

130 1489 271 1528 verat.
295 1482 549 1528 Armorum
575 1496 683 1527 vero
707 1497 856 1543 quum
881 1482 1086 1527 maxima
1102 1482 1237 1544 copia
1261 1497 1314 1528 ac
1331 1483 1484 1528 varie-

131 1566 201 1605 tas
242 1559 301 1605 sit
334 1559 381 1604 in
417 1557 636 1616 Aeneide,
656 1557 786 1605 vides
815 1574 867 1605 ea
898 1574 1019 1621 quae
1052 1559 1103 1605 in
1126 1560 1324 1622 septimo
1357 1558 1481 1606 libro

131 1642 471 1687 enumerantur
508 1650 561 1682 ac
595 1634 786 1698 populis
806 1634 976 1682 Italicis
1000 1636 1201 1683 maxime
1232 1642 1342 1683 sunt
1372 1651 1482 1699 pro-

131 1711 253 1774 pria,
282 1713 329 1758 in
354 1711 491 1758 libris
521 1711 719 1770 ultimis,
749 1727 869 1775 quos
903 1711 961 1758 ad
990 1711 1349 1760 similitudinem
1373 1712 1480 1759 Ilia·

133 1788 209 1836 dis
236 1796 373 1851 poeta
396 1788 651 1851 scripserit,
683 1804 914 1850 nusquam
941 1804 1193 1851 apparere3
1220 1797 1382 1836 contra
1399 1805 1480 1836 au-

134 1874 225 1911 tem
243 1881 297 1912 ea
314 1865 520 1923 retineri,
544 1880 708 1911 arcum
732 1864 907 1911 scilicet
924 1873 966 1911 et
983 1864 1178 1911 fundam
1196 1873 1240 1911 et
1265 1865 1480 1928 clypeum

136 1942 488 2005 septemplicem
523 1948 567 1989 et
601 1941 719 1988 duas
755 1941 928 1998 hastas,
979 1957 1096 2004 quae
1143 1942 1201 1988 ab
1233 1943 1481 1988 Homerico

137 2018 275 2081 quasi
316 2019 521 2064 armario
555 2018 772 2064 videntur
811 2016 1140 2081 deprompta³.
1180 2020 1246 2065 Ne
1287 2019 1482 2081 sagittae

136 2095 331 2159 quidem
368 2111 544 2142 veneno
575 2094 788 2151 infectae,
824 2110 946 2157 quas
980 2096 1155 2142 Ismaro
1200 2101 1245 2142 et
1278 2097 1445 2158 Amyco
1470 2096 1484 2119 ⁴

137 2173 216 2220 dat
241 2173 460 2236 Virgilius
492 2172 550 2219 ab
573 2172 762 2219 heroica
794 2178 941 2218 aetate
980 2171 1161 2222 alienae
1198 2181 1309 2219 sunt
1335 2187 1481 2236 quum

136 2265 369 2297 venenum
399 2249 457 2296 ad
492 2249 685 2312 sagittas
723 2247 999 2295 oblinendas
1043 2249 1235 2312 Ulysses
1277 2264 1305 2295 a
1352 2256 1482 2312 patre

138 2326 358 2375 Mentoris
380 2328 622 2390 acceperit.

196 2489 230 2524 1.
261 2487 357 2524 Aen.
381 2485 477 2534 XII,
500 2498 538 2524 v.
566 2490 656 2526 740.

192 2547 231 2583 2.
260 2543 354 2595 XII,
378 2557 416 2583 v.
442 2547 506 2585 90.

195 2607 231 2643 3.
265 2601 323 2642 Cf.
349 2603 397 2642 Il.
421 2603 497 2650 III,
528 2608 594 2654 183
617 2604 710 2657 XII,
734 2609 831 2655 2983
860 2605 971 2655 XXI,
1001 2608 1087 2644 145.
1115 2604 1183 2644 Od.
1207 2603 1240 2655 Ι,
1261 2608 1359 2654 257;
1384 2602 1481 2654 XII⁷

139 2665 232 2760 22ἶῖ
263 2720 314 2771 X,
346 2725 432 2771 140,
461 2724 550 2760 704.
