1758 2903
867 99 1077 134 -10—

299 186 423 232 roico
466 200 579 230 aevo
628 183 878 247 desumpta
919 193 1059 242 esset,
1106 183 1352 230 videbatur
1392 183 1644 231 abhorrens

298 270 433 322 atque
457 260 719 306 absurdum
748 260 992 322 Virgilium
1019 259 1076 306 ad
1105 260 1317 306 heroicos
1351 276 1500 306 mores
1532 276 1644 307 nus-

298 352 440 397 quam
470 337 739 399 respexisse.
772 336 883 382 lnde
909 344 1018 381 nata
1045 347 1114 381 est
1150 336 1260 382 baec
1297 337 1457 399 opinio
1496 336 1646 399 Virgi-

297 413 414 458 lium
440 413 633 473 quidem
659 429 684 457 a
710 413 903 458 veritate
927 410 1197 470 descivisse,
1224 420 1270 458 at
1290 429 1383 458 non
1411 414 1476 459 ita
1503 412 1647 458 desei·

297 490 422 535 visse
447 495 499 535 ut
517 489 762 534 universus
788 488 1084 533 heroicorum
1107 495 1372 549 temporum
1399 487 1525 535 color
1543 504 1644 535 mu-

297 573 489 611 taretur.
513 567 662 619 Quam
684 564 917 627 imprimis
945 572 1132 610 tuentur
1154 565 1357 628 Heynius
1381 580 1434 611 ac
1450 566 1622 628 Wagne

298 656 398 699 rus;
428 639 543 703 quid
570 641 801 687 senserint
827 640 967 686 verba
995 639 1203 703 subjecta
1219 641 1330 686 satis
1356 639 1643 687 declarant¹z

302 718 436 762 «Non
466 733 571 763 raro
592 717 817 780 Virgilius
845 718 892 762 in
925 716 1130 763 Aeneide
1165 732 1217 763 ea
1248 716 1414 763 tribuit
1443 716 1646 763 heroicis

297 794 594 857 temporibus
619 811 736 857 quae
756 794 813 840 ab
842 795 897 840 iis
923 794 1074 840 aliena
1098 795 1329 857 posterius
1358 795 1544 840 inventa
1566 802 1647 840 aut

298 870 512 916 instituta
565 881 702 929 sunt;
742 871 1029 933 omninoque
1074 886 1338 917 sermonem
1386 872 1644 916 Romanum

299 960 432 1007 saepe
460 945 833 992 accommodavit
870 947 1086 1008 personis
1127 945 1184 992 ab
1224 946 1300 991 illo
1334 945 1407 992 vel
1446 945 1647 991 maxime

299 1021 675 1067 abhorrentibus.
700 1023 845 1068 Multa
877 1038 930 1068 ex
954 1022 1029 1068 his
1061 1024 1323 1084 superiores
1351 1023 1641 1084 interpretes,

299 1098 753 1159 Heynius'maxime‚
782 1106 1087 1156 notaverunt3
1117 1097 1512 1160 adjeciquaedam
1531 1097 1640 1144 alia.

298 1173 387 1220 Sed
413 1175 491 1236 qui
517 1173 776 1220 Aeneidem
800 1174 874 1220 vel
896 1175 1071 1220 cursim
1095 1175 1275 1235 legerit,
1297 1173 1427 1220 facile
1441 1173 1550 1220 baec
1562 1189 1645 1220 au·

298 1251 397 1312 geri
422 1267 557 1313 posse
583 1250 826 1313 intelliget.
852 1253 1041 1297 Exemta
1070 1258 1225 1296 tamen
1261 1249 1372 1296 inde
1405 1249 1541 1296 velim
1570 1265 1641 1307 ea,

298 1342 501 1388 quorum
524 1327 754 1389 originem
780 1328 918 1373 refert
943 1327 1003 1373 ad
1028 1328 1131 1390 ipsa
1154 1328 1335 1373 Aeneae
1364 1335 1571 1389 tempora
1595 1345 1642 1371 ».

299 1403 480 1458 Quibus
530 1403 680 1458 lectis,
719 1414 909 1467 apparet
967 1406 1249 1467 Wagnerum
1299 1404 1363 1449 ita
1404 1403 1646 1450 censuisse

299 1481 543 1525 Homerica
584 1481 802 1543 pleraque
863 1496 963 1526 esse
1008 1481 1133 1542 apud
1177 1479 1445 1542 Virgilium,
1496 1478 1647 1525 multa

300 1564 455 1602 autem
484 1555 542 1602 ad
567 1559 796 1603 Romanos
825 1573 941 1602 usus
966 1572 1066 1602 esse
1086 1556 1347 1602 referenda.

365 1634 430 1680 Eo
456 1650 601 1694 quum
625 1643 855 1680 certamen
882 1633 1136 1680 adductum
1161 1634 1346 1690 fuisset,
1378 1633 1643 1694 Lerschius,

300 1718 455 1772 spreto
470 1712 752 1768 Tittmanno‚
778 1717 932 1772 cuim,
960 1720 1011 1756 ut
1031 1719 1154 1756 recte
1175 1711 1255 1768 ait,
1274 1709 1557 1773 Jampridem
1575 1725 1649 1757 ex-

299 1787 433 1849 plosa
452 1798 520 1834 est
541 1788 788 1845 sententia,
816 1790 1049 1850 Wagnero
1071 1796 1116 1832 et
1140 1788 1333 1851 Heynio,
1356 1787 1491 1850 quasi
1516 1786 1646 1832 timi-

299 1864 530 1921 dioribus,
573 1865 820 1922 derelictis,
852 1867 1034 1912 tertiam
1068 1864 1174 1909 iniit
1209 1861 1474 1925 explicandi
1504 1863 1647 1909 ratio-

299 1958 422 1996 nem,
467 1942 594 1987 illam
624 1942 814 1996 scilicet,
842 1956 935 2002 qua
976 1943 1075 1999 quis
1109 1947 1275 1986 statuat
1306 1939 1544 1998 Virssile'wn
1567 1955 1649 1998 per

300 2020 533 2064 Aeneidem
557 2034 641 2063 non
669 2026 839 2063 tantum
855 2021 903 2063 in
929 2018 1205 2076 quibus‘lam,
1230 2017 1306 2061 sed
1333 2017 1588 2061 inomnibus
1616 2031 1645 2060 a

299 2110 402 2140 vero
428 2095 700 2139 heroicorum
727 2101 967 2153 temporum
1006 2094 1158 2137 habitu
1195 2094 1442 2150 recessisse,
1477 2099 1517 2137 el
1546 2107 1647 2151 pos·

301 2173 521 2226 leriorem,
564 2172 612 2214 »id
644 2177 721 2228 est,
766 2171 1005 2215 Romanam
1048 2170 1210 2214 harum
1246 2184 1394 2214 rerum
1433 2169 1648 2213 rationem

300 2248 566 2292 observasse.
629 2247 779 2300 Quam
829 2245 1104 2291 sententiam
1160 2253 1208 2290 ut
1248 2243 1474 2307 exemplis
1511 2259 1647 2305 argu-

303 2323 566 2385 mentisque
602 2322 783 2368 l'ulciret
822 2320 1067 2366 Lerschius
1105 2319 1224 2366 duos
1262 2319 1440 2366 libellos
1479 2319 1644 2376 edidit,

301 2415 504 2461 quorum
548 2400 662 2445 alter
705 2398 1005 2455 inscribitur,
1059 2398 1124 2442 De
1165 2398 1334 2442 Morum
1381 2400 1429 2442 in
1459 2399 1648 2443 Aeneide

303 2476 472 2533 habitu,
500 2475 629 2533 alter,
658 2477 956 2536 Antiquitales
1000 2475 1286 2534 l=⁰⁷er9ilianae
1319 2475 1377 2520 ad
1412 2477 1549 2521 vitam
1569 2489 1647 2534 po-

363 2643 395 2677 l.
424 2638 615 2690 Wagner,
641 2637 667 2676 l.
690 2638 759 2690 lv,
783 2652 822 2690 p.
847 2642 936 2677 588.
962 2636 1018 2677 Cf.
1041 2636 1221 2689 Lerscli.‚
1240 2640 1282 2677 D.
1303 2640 1353 2677 M.
1374 2638 1529 2687 habitu,
1545 2650 1585 2690 p.
1607 2643 1641 2675 3.
