1758 2903
853 120 1095 156 —124—

295 219 459 251 verum
486 203 729 251 contendit
780 219 828 250 se
865 203 1000 252 nullo
1039 203 1177 252 modo
1216 207 1447 254 sententia
1482 206 1654 272 depelli

329 295 433 328 osse
457 297 468 325 :

293 299 324 345 p
934 357 1009 385 nec
1033 358 1096 385 me
1117 347 1177 386 vis
1192 345 1277 386 ulla
1296 347 1488 387 volentem

427 410 592 457 Avertet,
614 421 697 448 non
717 408 753 448 si
774 406 962 449 tellurem
983 409 1166 450 effundat
1185 410 1229 450 in
1247 410 1378 451 undas

425 472 592 513 Diluvio
617 471 796 514 miscens
813 470 1050 529 coelumque
1072 474 1116 515 in
1136 475 1306 516 Tartara
1327 475 1476 516 mittet.

359 590 499 653 Atqui
525 590 573 635 in
603 605 656 636 eo
680 590 786 653 ipso
814 589 933 648 loco,
964 607 1057 637 non
1080 607 1173 638 una
1193 592 1393 654 species,
1412 607 1506 638 non
1518 607 1648 640 unus·

294 666 422 714 color
465 676 535 712 est
578 666 1033 730 deprehendendus;
1075 669 1175 714 sive
1215 669 1472 715 Homerum
1507 668 1640 731 sequi

293 742 496 806 gaudeat
534 753 687 806 poeta,
719 744 816 789 sive
844 742 902 790 ab
938 759 991 790 eo
1023 753 1265 792 mutuetur
1315 744 1439 808 quod
1485 742 1644 791 Italica

294 819 489 866 historia
503 827 584 866 aut
597 818 758 866 fabula
772 820 927 866 minus
951 819 1233 883 suppeditat,
1265 835 1337 866 res
1352 828 1489 883 atque
1500 817 1639 866 etiam

292 895 523 943 formulae
547 895 734 942 heroico
761 905 967 959 tempore
992 908 1242 961 usurpatae
1266 895 1435 959 legenti
1454 895 1642 959 saepius

292 980 560 1020 occurrunt.
615 974 764 1018 Latini
819 973 1052 1035 praecelsa
1105 983 1176 1021 est
1228 982 1443 1031 statura,v
1485 971 1642 1036 qualis

290 1048 489 1096 heroum
520 1048 698 1095 dicitur
723 1048 899 1107 fuisse3
935 1051 1117 1096 Turnus
1150 1049 1328 1114 bijugis
1380 1049 1637 1105 invehitur,

292 1140 344 1172 ea
362 1123 483 1171 bina.
497 1124 690 1171 hastilia
717 1126 931 1189 crispans
959 1141 1078 1189 quae
1101 1125 1264 1173 heroes
1285 1126 1462 1189 ubique
1483 1141 1640 1188 gerere

293 1200 445 1248 solent
454 1217 468 1259 ;
494 1209 611 1257 tum,
631 1217 778 1265 quum
801 1201 948 1248 multo
975 1201 1134 1265 plures
1160 1217 1299 1266 quam
1327 1201 1450 1265 apud
1475 1204 1643 1249 Home·

291 1293 397 1325 rum
424 1278 497 1324 Dii
547 1279 838 1338 invocentur,
880 1288 1034 1325 tamen
1081 1295 1174 1325 non
1217 1279 1457 1325 commisit
1503 1286 1642 1343 poeta

291 1362 345 1402 ut
371 1370 449 1401 eos
472 1357 705 1401 omitteret
722 1355 806 1417 qui
831 1355 879 1401 in
899 1354 1043 1403 Iliade
1065 1363 1205 1402 testes
1227 1354 1514 1402 adhibentur
1522 1370 1537 1412 ;
1556 1369 1649 1417 per·

292 1430 466 1490 Solem,
478 1433 685 1487 Terram,
699 1434 855 1479 Jovem
871 1447 923 1479 ae
935 1435 1049 1478 Deos
1059 1432 1421 1478 inserosAeneas
1431 1431 1644 1478 Latinus-

293 1524 404 1571 que,
434 1509 648 1556 Priamus
675 1518 721 1556 et
751 1512 1042 1573 Agamemno
1068 1514 1248 1573 jurant.
1276 1510 1454 1556 Graeco
1477 1516 1636 1555 autem

291 1600 442 1645 more,
494 1594 545 1632 ut
589 1590 690 1649 jam
738 1586 926 1632 Servius
975 1584 1328 1644 animadvertit,
1380 1604 1403 1629 ι(
1449 1585 1641 1631 intonsa

289 1657 460 1711 bidens
506 1681 529 1705 ι)
582 1669 830 1708 mactatur.
870 1663 1119 1724 Sceptrum
1147 1661 1295 1707 Latini
1332 1659 1470 1724 quale
1498 1661 1640 1708 fuerit

292 1751 387 1783 non
410 1736 517 1784 licet
536 1736 733 1784 fortasse
760 1737 920 1783 animo
941 1737 1184 1799 effingere3
1206 1737 1312 1784 licet
1334 1746 1455 1784 certe
1476 1739 1636 1799 suspi-

291 1813 390 1860 cari
427 1829 522 1860 non
557 1813 704 1860 fuisse
736 1823 917 1877 sceptro
960 1814 1332 1876 Agamemnonis
1378 1812 1634 1870 dissimile,

291 1905 479 1951 quum«
506 1905 607 1936 aere
629 1889 795 1937 decoro
827 1910 844 1929 ›>
877 1889 936 1936 ab
969 1888 1147 1936 artifice
1185 1888 1424 1937 inclusum
1461 1889 1633 1948 fuerit;

292 1981 456 2028 nempe
482 1964 600 2012 clavi
621 1975 729 2012 sunt
752 1965 820 2012 illi
846 1966 1021 2029 quibus
1045 1965 1170 2028 apud
1195 1967 1447 2013 Homerum
1473 1982 1637 2030 regum

291 2049 474 2104 sceptra
489 2040 686 2105 fulgent.
716 2040 846 2088 Adde
871 2041 997 2105 quod
1025 2043 1310 2104 comparatio
1328 2040 1443 2088 haec

397 2170 454 2211 Ut
476 2175 680 2224 sceptrum
703 2170 848 2211 hoc...-

395 2234 433 2275 N
439 2248 618 2289 unquam
642 2233 782 2276 fronde
799 2234 878 2276 levi
899 2232 1043 2275 fundet
1059 2234 1238 2288 virgulta
1253 2248 1327 2277 nec
1345 2235 1554 2279 umbras&

291 2368 439 2415 quum
465 2353 523 2401 ab
542 2355 740 2401 Homero
767 2355 828 2400 sit
851 2354 1056 2417 repetita,
1084 2369 1168 2400 nec
1192 2353 1239 2400 in
1263 2361 1442 2418 sceptro
1461 2352 1635 2402 descri-

289 2428 444 2476 bendo
467 2429 732 2492 quidquam
751 2438 899 2477 mutet
917 2438 1067 2492 poeta,
1094 2438 1369 2493 argumento
1381 2446 1484 2478 esse
1505 2429 1641 2478 vide-

290 2514 367 2552 tur
386 2505 441 2552 de
467 2523 561 2553 una
583 2506 839 2570 eademque
865 2522 913 2553 re
938 2505 1036 2552 fieri
1064 2507 1343 2553 mentionem
1365 2508 1395 2552 ³.

351 2668 385 2704 1.
406 2663 673 2715 Friedreich„
692 2666 758 2706 Dte
778 2664 945 2715 manen,
970 2677 1011 2717 p.
1037 2668 1128 2705 397.
1150 2687 1202 2695 -
1227 2667 1264 2705 2.
1290 2664 1383 2715 ΧΠ,
1407 2644 1499 2706 soe.
