1758 2903
830 56 1039 95 -34—

263 151 421 212 ipsum
448 151 834 210 argumentorum
881 160 1031 208 genus
1081 142 1139 191 ad
1179 142 1304 207 quod
1351 141 1604 191 Lerschius

264 225 446 287 cogitur
462 223 731 285 confugere,
760 223 889 280 salis,
929 230 980 268 ut
1001 220 1206 280 videtur,
1242 218 1601 267 demonstrabit.

331 301 534 348 Primum
562 299 782 362 plurimis
823 299 872 344 in
908 297 1240 361 disputationis
1279 296 1393 343 locis
1420 294 1608 342 videtur

263 376 515 424 Lerschius
539 376 673 438 quasi
699 374 913 422 oblivisci
939 373 1087 419 multa
1128 373 1177 418 in
1214 371 1418 419 Aeneide
1446 386 1609 418 occur-

265 468 367 500 rere
380 468 515 516 quae,
531 467 678 515 quum
697 466 847 514 neque
865 448 923 496 ad
935 449 1229 496 Homericam
1246 455 1439 495 aetatem
1456 462 1607 511 neque

267 528 325 576 ad
352 529 492 575 aliam
521 528 817 592 potissimum
854 527 950 573 sint
975 524 1229 583 referenda,
1268 525 1460 588 antiqua
1504 532 1608 571 tan-

266 612 367 652 tum
390 603 485 651 dici
512 604 712 666 possint,
732 618 824 649 non
849 605 1073 649 Romana.
1094 602 1152 648 Ut
1173 599 1385 663 exempla
1396 599 1607 658 afferam,

267 696 466 743 augures
492 679 677 742 legibus
693 679 916 726 Romanis
941 677 1182 725 constituti
1202 684 1331 723 erant
1353 676 1439 739 qui
1455 675 1613 722 futura

270 772 294 803 e
321 756 479 803 volatu
524 755 683 801 avium
721 753 1058 818 praedicerent.
1095 754 1347 813 Auyurz'bus
1385 767 1492 799 vero
1514 755 1611 814 jam

269 832 395 895 apud
456 834 708 879 Homerum
767 832 1059 878 occurrimus
1084 865 1097 888 ,
1168 828 1403 892 siquidem
1468 827 1611 874 verbo

270 911 508 954 οἰωνόπολοι
532 924 626 953 non
659 906 958 968 decipimur¹.
986 905 1206 953 Mulieres
1234 902 1508 951 sacerdotali
1540 902 1614 949 di-

269 985 444 1047 gnitate
470 983 704 1047 praeditae
729 982 893 1029 obviae
927 990 1035 1029 sunt
1060 982 1110 1028 in
1131 979 1382 1038 Aeneide²‚
1412 979 1493 1026 sed
1516 983 1613 1042 jam

270 1062 502 1107 Minervae
536 1057 751 1105 sacerdos
787 1057 977 1115 femina,
1014 1058 1186 1103 Theano
1211 1055 1401 1111 scilicet,
1435 1055 1492 1102 ab
1525 1056 1615 1101 Ho-

271 1151 399 1182 mero
435 1141 739 1181 memoratur.
780 1134 1086 1180 Sollitaarilia
1115 1131 1241 1194 apud
1270 1130 1518 1194 Virgilium
1551 1130 1618 1177 vi-

272 1212 444 1258 dentur
464 1211 612 1268 fieri³3
634 1209 715 1256 sed
740 1216 785 1257 et
808 1208 934 1273 apud
955 1211 1210 1255 Homerum
1231 1206 1461 1270 quaedam
1487 1221 1618 1253 sacra

275 1296 383 1335 sunt
418 1303 556 1350 quae,
586 1302 733 1350 quum
756 1284 1056 1332 immolentur
1084 1299 1209 1341 oveS‚
1231 1298 1337 1330 sues
1356 1282 1615 1345 bovesque,

274 1363 713 1425 suovetauriliajure
734 1361 826 1408 dici
844 1361 1043 1425 possint.
1063 1361 1254 1407 Taurum
1271 1366 1352 1406 aut
1361 1360 1620 1420 juvencum*

242 1574 244 1576 -
332 1554 367 1590 l.
397 1547 499 1587 Tres
514 1559 687 1600 augures
709 1545 818 1599 apud
837 1544 1074 1599 Virgilium,
1096 1544 1304 1584 Rhamnes
1326 1543 1399 1595 IX,
1425 1548 1517 1596 327,
1538 1544 1624 1585 To-

275 1606 456 1649 lumnius
484 1606 578 1655 XII,
613 1609 705 1655 258,
736 1609 827 1653 460,
853 1605 964 1658 Iapis
993 1604 1086 1655 XII,
1119 1608 1213 1644 392.
1250 1601 1494 1643 Paucissimi
1526 1603 1623 1657 qui-

277 1666 385 1718 dem,
411 1664 446 1705 si
467 1664 515 1704 de
539 1677 740 1717 augurum
760 1664 1037 1704 Romanorum
1068 1661 1111 1701 in
1130 1660 1341 1714 republica
1361 1661 1560 1714 dignitate
1583 1668 1625 1703 et

275 1729 474 1779 potestate
495 1721 749 1775 cogitaveris.
772 1721 832 1762 Cf.
854 1720 954 1769 Cic.,
975 1723 1026 1761 De
1057 1723 1129 1771 leq.
1154 1721 1208 1770 II,
1240 1723 1299 1762 12.

331 1788 371 1824 2.
401 1782 494 1834 VII,
521 1787 612 1822 419.
643 1783 705 1822 Fit
739 1782 878 1831 Calybe
899 1782 1080 1820 Janonis.
1106 1780 1198 1833 Ipse
1225 1778 1444 1820 Lerschius
1473 1778 1586 1820 addit
1611 1793 1621 1821 z

277 1842 321 1881 in
352 1854 432 1894 quo
470 1839 563 1894 quis
595 1845 756 1893 poetam
787 1837 839 1878 ad
869 1847 1110 1880 Graecorum
1145 1836 1276 1889 magis
1309 1850 1461 1877 morem
1499 1851 1623 1891 quam

277 1900 470 1940 Latinum
492 1904 693 1953 spectasse
711 1897 907 1952 conjicere
933 1897 1075 1951 possit,
1100 1895 1172 1950 qui
1199 1909 1301 1936 anus
1324 1894 1489 1950 templis
1505 1896 1625 1950 Ἥρας

280 1971 569 2012 saepenumero
598 1956 807 1996 adderent.

334 2022 373 2055 3.
414 2015 511 2055 Tria
545 2013 833 2055 suovetaurilia
874 2013 918 2053 in
949 2015 1113 2055 Aeneide
1137 2012 1356 2054 Lerschius
1386 2012 1561 2066 invenit,
1588 2014 1629 2066 1,

280 2079 383 2123 6333
413 2074 486 2123 XI,
522 2078 616 2123 197;
638 2072 690 2126 V,
719 2077 784 2112 96.
817 2070 898 2113 Sed
920 2072 964 2111 in
980 2070 1112 2126 primo
1137 2069 1222 2111 loco
1241 2071 1366 2124 tauri,
1397 2083 1506 2124 sues,
1530 2072 1628 2125 agni

281 2145 374 2173 eum
399 2130 599 2171 matribus
629 2131 679 2170 ab
710 2133 847 2170 Aenea
867 2129 988 2170 sociis
1019 2129 1251 2179 mittuntur,
1279 2129 1382 2169 sacri
1414 2130 1626 2183 cujusdam

282 2188 397 2230 nulla
413 2189 458 2229 fit
480 2188 653 2239 mentio;
681 2187 724 2228 in
746 2188 936 2239 secundo,
964 2194 1192 2229 mactantur
1215 2186 1342 2227 Morti
1369 2187 1507 2241 boves,
1534 2202 1630 2231 sues

277 2250 456 2301 pecudes.
478 2246 670 2288 Dubitari
688 2253 820 2302 potest
841 2260 891 2286 an
906 2246 1083 2302 pecudes
1106 2260 1152 2287 ex
1176 2245 1284 2299 agris
1305 2253 1441 2300 raptae
1462 2247 1630 2291 nonnisi

285 2320 377 2347 oves
395 2304 491 2348 sint.
515 2306 710 2361 Superest
730 2304 876 2345 tertius
898 2305 1010 2346 locus
1036 2304 1107 2345 ubi
1128 2312 1210 2345 tres
1227 2303 1383 2345 hostiae
1405 2306 1486 2346 ritu
1507 2319 1630 2360 prae-

285 2364 472 2419 scriptae,
501 2367 681 2414 bidentes,
700 2377 801 2416 sueS,
819 2365 981 2415 juvenci
998 2378 1090 2405 vere
1108 2362 1386 2406 nominantur.
1401 2388 1455 2407 —-,
1471 2364 1531 2406 Cf.
1558 2366 1629 2407 od.

285 2425 399 2474 VIII,
426 2427 491 2463 59.

256 2492 267 2502 ’
342 2487 379 2521 4.
411 2482 534 2521 Recte
557 2480 776 2521 Lerschius
803 2481 988 2536 disputat
1011 2480 1205 2522 vocabula
1235 2490 1401 2525 caurum
1430 2489 1469 2524 et
1488 2484 1635 2534 juven-

284 2552 375 2581 cum
396 2552 418 2578 a
435 2545 553 2593 poeta
575 2539 805 2594 promiscue
836 2538 1041 2590 usurpari.
1067 2538 1127 2580 Cf.
1151 2541 1280 2582 Macr.
1309 2541 1386 2594 III,
1422 2546 1484 2583 10.
1516 2541 1628 2584 δεῖν.

284 2600 380 2639 Aen.
406 2598 501 2650 XII,
523 2602 595 2649 203
623 2598 695 2649 IX,
723 2603 814 2639 627.
