1758 2903
621 104 859 139 —117-

58 187 140 233 Hic
176 202 365 250 quoque
387 186 669 234 vocabulum
694 185 817 234 illud
843 206 864 230 «
893 186 948 234 de
977 202 1108 236 more
1134 207 1159 231 »
1186 189 1407 236 occurrit.

61 262 362 310 Contendunt
398 262 651 326 aliquando
687 265 978 328 interpreteS‚
1021 265 1205 326 quoties
1237 265 1287 311 in
1321 265 1411 313 hoc

61 338 257 386 verbum
284 339 553 398 incidimus,
575 349 786 403 oportere
806 356 890 387 nos
908 340 1296 388 consuetudinem
1313 344 1413 390 Ro-

64 430 251 462 manam
266 408 540 463 subodorari
555 434 566 475 ;
580 415 705 478 quod
722 424 880 463 utrum
894 432 1056 463 verum
1075 416 1134 463 sit
1153 433 1315 475 necne,
1331 434 1412 480 per

62 490 214 538 locum
249 491 374 538 hunc
407 491 570 538 saltem
599 491 813 539 dubitare
839 492 962 540 licet.
1005 494 1142 540 Recte
1164 494 1408 556 Heynius:

65 587 88 610 «
107 568 206 614 Mos
232 577 385 615 autem
409 577 663 632 perpetuus
691 575 793 615 tum
814 570 986 615 veteris
1011 569 1115 615 aevi
1141 586 1196 615 ex
1210 571 1412 617 Homero

62 649 221 701 notus,
250 652 349 690 tum
375 644 685 691 barbarorum
707 644 988 707 populorum
1018 653 1067 691 ut
1092 644 1296 691 lamenta
1329 661 1410 691 su-

59 735 142 781 per
159 728 367 767 mortuos
388 721 588 767 facerent
609 735 701 766 non
723 721 810 766 viri
833 728 1033 780 tantum,
1052 722 1130 767 sed
1148 721 1405 768 feminae».

62 795 197 852 Quod
256 796 421 843 attinet
479 796 537 842 ad
597 796 811 843 heroicas
875 796 1259 856 consuetudines,
1315 814 1409 844 non

62 872 261 919 dubium
289 881 359 919 est
380 872 496 935 quin
524 872 941 919 lamentationibus
964 872 1242 919 interessent
1270 873 1408 919 femi·

64 965 170 1004 nae,
197 965 346 1012 quum
374 951 476 995 viso
503 948 698 996 Patrocli
721 965 910 1012 corpore
935 950 1110 995 Briseis
1136 957 1180 995 et
1199 949 1409 1012 captivae

61 1025 278 1072 lacrimas
304 1025 507 1072 ubertim
526 1024 724 1072 fundant
747 1033 790 1071 et
815 1033 1057 1071 mortuum
1080 1024 1402 1088 alloquantur:

63 1118 182 1166 quae
211 1101 418 1163 quidem,
462 1111 514 1148 ut
542 1102 604 1148 ait
642 1110 792 1164 poeta,
833 1101 889 1149 de
916 1117 965 1148 se
995 1101 1145 1164 magis
1179 1117 1323 1164 quam
1353 1101 1409 1148 de

63 1178 272 1226 Patroclo
293 1177 634 1241 querebantur;
662 1177 744 1224 sed
769 1178 856 1225 hoc
874 1178 1032 1241 ipsum
1052 1187 1325 1241 argumento
1342 1187 1410 1225 est

63 1271 142 1302 eas
161 1254 494 1303 consuetudini
515 1253 702 1301 cuidam
725 1253 773 1301 id
789 1254 1012 1318 temporis
1026 1254 1241 1318 vulgatae
1256 1255 1411 1317 jussas

61 1331 349 1379 inserviisse.
378 1332 532 1394 Pergit
557 1330 785 1395 Virgilius
808 1346 818 1376 :

223 1453 279 1494 Ut
297 1466 390 1493 vero
412 1453 572 1493 Aeneas
592 1451 749 1493 foribus
771 1466 859 1493 sese
882 1451 1022 1493 intulit
1045 1452 1139 1493 altis

221 1518 436 1570 Ingentem
457 1516 654 1570 gemitum
674 1517 808 1559 tunsis
829 1517 878 1557 ad
895 1523 1057 1571 pectora
1074 1517 1225 1558 tollunt

220 1581 462 1623 Pectoribus
485 1588 720 1637 maestoque
740 1581 935 1636 immugit
958 1582 1071 1636 regia
1092 1581 1237 1625 luctu1.

60 1694 416 1759 Redintegratur
456 1696 601 1759 igitur
636 1694 824 1752 luctus,
865 1696 945 1742 ubi
985 1695 1191 1759 primum
1228 1697 1410 1744 Aeneas

62 1773 314 1820 tentorium
350 1781 416 1819 est
459 1773 724 1834 ingressus3
772 1788 865 1819 non
894 1779 964 1818 est
1006 1771 1132 1835 quod
1158 1771 1322 1819 credas
1350 1772 1410 1820 ad

61 1864 241 1896 morem
267 1847 472 1912 aliquem
495 1851 758 1896 Romanum
784 1848 860 1894 hic
884 1847 1029 1895 alludi
1042 1864 1057 1908 ;
1087 1856 1255 1895 natura
1283 1849 1335 1895 fit
1361 1859 1412 1895 ut

65 1946 89 1969 «
117 1934 395 1989 conspectus
426 1925 628 1972 aliorum
666 1933 831 1972 mutua
875 1926 1169 1972 miseratione
1210 1925 1410 1989 integret

63 2002 333 2049 lacrimas».
347 2003 527 2051 Aeneas
548 2001 806 2048 orationem
823 2000 962 2048 habet
978 2004 1114 2064 quasi
1134 2001 1377 2048 funebrem
1394 2019 1406 2059 ;

63 2078 144 2126 sed
165 2077 289 2143 apud
318 2081 571 2126 Homerum
608 2093 812 2141 quoque,
838 2078 1047 2125 Hectoris
1072 2093 1263 2141 corpore
1287 2079 1412 2125 intra

60 2158 222 2219 Trojae
251 2171 411 2202 muros
438 2162 690 2218 reportato,
719 2154 923 2211 Hecuba,
945 2153 1300 2212 Andromache,
1323 2157 1410 2202 He-

62 2233 170 2281 lena
195 2241 240 2280 et
272 2233 361 2279 sibi
386 2240 430 2279 et
453 2240 638 2279 mortuo
677 2248 770 2279 non
796 2233 897 2278 sine
922 2231 1126 2295 plurima
1158 2231 1408 2279 verborum

61 2309 195 2372 copia
221 2308 521 2356 illacrimant.
551 2310 760 2356 Ceterum
800 2308 913 2370 quid
945 2310 1121 2355 mirum
1146 2317 1214 2355 est
1242 2309 1282 2355 si
1305 2310 1410 2355 Vir-

65 2386 231 2450 gilius,
259 2401 406 2449 quum
427 2401 513 2432 nos
533 2400 803 2448 permovere
820 2393 984 2445 tentet,
1017 2387 1195 2432 Aenean
1221 2384 1412 2432 inducat

63 2479 244 2523 omnes,
284 2469 336 2510 ut
370 2462 435 2508 ita
466 2460 638 2521 dicam,
676 2460 951 2509 lacrimandi
983 2477 1150 2509 causas
1189 2460 1420 2527 colligen-r

62 2540 193 2587 tem?

123 2655 157 2690 1.
189 2651 281 2691 Aen.
315 2649 388 2701 XI,
411 2653 477 2689 37.
