1758 2903
625 133 838 168 -67-

122 219 241 264 Haec
273 217 366 263 fere
389 215 557 264 habeas
588 216 645 263 de
679 217 778 263 Diis
809 215 1023 274 dicenda,
1067 223 1120 263 ut
1157 215 1402 279 Virgilius,

57 297 187 344 nullo
213 304 477 359 temporum
505 303 721 358 respectu
764 294 940 351 habito,
985 293 1046 342 ad
1071 294 1257 342 heroica
1286 309 1406 357 quae

56 381 218 437 postea
252 371 466 418 homines
510 371 567 418 de
598 372 698 417 Diis
732 371 986 418 commenti
1023 377 1132 418 sunt
1165 371 1409 418 retraxerit

54 455 195 510 atque
213 446 483 494 contulerit.
498 448 724 494 Historiae
737 463 842 494 vero
857 446 1033 494 heroici
1044 446 1142 494 aevi
1163 445 1222 493 ad
1241 446 1408 494 heroas

55 525 187 588 ipsos
205 525 494 588 pertinentes
519 539 662 587 quam
693 525 823 570 varie
846 530 1059 570 narratae
1085 523 1179 569 sint
1205 538 1231 569 a
1257 524 1408 584 poetis

58 602 250 648 Graecis
276 608 442 649 notum
465 608 538 648 est
560 600 799 647 omnibus.
829 602 884 646 In
913 599 1002 646 hoc
1032 615 1219 662 quoque
1252 599 1407 662 Virgi-

55 677 146 724 lius
161 677 705 739 Homerumsaepissime
727 675 910 733 deserit,
936 683 1034 734 aut,
1064 676 1101 722 si
1132 677 1198 722 ita
1228 676 1407 722 malue-

55 755 122 801 ris
149 754 262 812 dici,
290 769 368 801 eos
393 754 602 816 sequitur
636 753 717 815 qui
739 759 836 815 jain
863 754 1117 799 Homerum
1141 750 1402 799 deseruere.

53 828 188 893 Apud
202 829 434 893 Odysseae
449 831 745 892 scriptorem,
765 830 910 887 Asaoe,
927 844 1075 891 quum
1090 843 1229 891 rupes
1250 828 1298 873 in
1316 843 1408 890 qua

54 914 237 953 steterat
278 907 480 969 Neptuni
517 905 716 953 tridente
750 913 891 968 rupta
930 903 1235 963 dissiluisset,
1284 920 1408 966 aqua

53 983 335 1046 mergitur¹3
364 998 503 1045 quem
523 982 679 1029 virum
708 981 862 1028 medio
890 980 1010 1028 mari
1038 980 1237 1028 fulmine
1259 981 1407 1027 ictum

51 1067 188 1121 atque
211 1058 261 1104 in
289 1057 508 1120 scopulos
529 1057 713 1104 turbine
737 1057 983 1121 abreptum
1018 1057 1181 1120 ibique
1205 1057 1406 1104 infixum

51 1135 278 1198 Virgilius
295 1134 430 1181 nobis
445 1133 672 1181 ostendit!
701 1136 791 1181 Cur
810 1136 873 1180 ita
892 1134 951 1180 ab
973 1136 1171 1181 Homero
1188 1133 1403 1180 recedit?

50 1212 150 1258 Jam
174 1211 437 1258 Macrobius
455 1210 575 1258 illud
590 1211 640 1257 in
663 1210 820 1257 fabula
839 1227 957 1272 quae
978 1210 1257 1257 inscribitur
1277 1212 1407 1257 Troa-

52 1290 129 1335 des
156 1288 444 1352 colloquium
466 1287 746 1334 memoravit
768 1303 860 1350 quo
872 1287 1117 1350 Neptunus
1139 1287 1400 1334 Minervam

53 1364 236 1411 Graecis
263 1365 430 1411 iratam
449 1364 515 1410 ita
539 1363 815 1427 alloquitur.

300 1479 393 1520 Ἀλλ’
411 1480 490 1531 ἕρπ’
513 1479 702 1531 Ὄλυμπον
721 1478 782 1518 καὶ
805 1478 1006 1533 κεραυνίους
1032 1480 1139 1531 βολας

291 1545 449 1586 λαὸοῧσα
469 1545 600 1596 πατρὸς
619 1547 658 1583 ἐκ
676 1543 792 1597 χέρων
815 1543 1006 1598 καραδόκει

290 1609 376 1650 ὅταν
403 1609 591 1662 στράτευμ’
617 1607 771 1662 Ἀργεῖον
793 1607 867 1661 ἐξίῃ
891 1606 1048 1653 κάλως2.

115 1725 180 1771 De
205 1729 353 1770 morte
372 1720 567 1785 quidem
604 1721 760 1784 Ajacis
794 1719 977 1767 nullum
1002 1720 1200 1768 verbum
1226 1721 1405 1784 promi-

53 1811 159 1859 tur3
188 1799 270 1849 sed
291 1816 439 1863 quum
456 1798 568 1845 hinc
593 1806 830 1846 constaret
845 1797 1035 1861 Ajacem
1054 1813 1200 1861 prope
1223 1797 1402 1859 Capha-

52 1894 190 1926 reum
217 1876 592 1940 promontorium
616 1876 831 1939 periisse,
862 1874 993 1921 illinc
1019 1874 1270 1938 Euripides
1297 1874 1403 1921 Pal-

53 1955 160 2003 lada
204 1962 339 2017 rapto
376 1952 575 2000 fulmine
614 1953 789 1999 Graeco
821 1951 1049 1999 exercitui
1092 1950 1400 1998 insidiantem

52 2031 336 2091 induxisset,
392 2028 644 2094 Virgilius,
697 2035 753 2075 ut
802 2028 1067 2092 legentibus
1116 2027 1402 2091 praeclaram

51 2108 304 2172 imaginem
334 2105 585 2164 exhiberet,
627 2104 746 2152 duas
782 2103 965 2152 fabulas
1000 2103 1243 2152 commode
1286 2105 1405 2151 mis·

53 2184 171 2231 cuit.
199 2185 250 2232 In
272 2183 424 2246 prImo
451 2181 675 2230 Aeneidis
702 2181 844 2240 libro,
872 2182 1088 2243 quamvis
1126 2180 1244 2227 Dido
1271 2180 1404 2227 affir-

55 2270 150 2308 met
169 2276 217 2308 se
242 2259 401 2307 omnia
426 2259 542 2307 scire
566 2274 684 2322 quae
705 2257 764 2305 ad
787 2257 963 2305 bellum
983 2260 1236 2322 Trojanum
1263 2259 1404 2321 perti—

54 2345 212 2397 neant,
232 2336 396 2385 debuit
414 2343 568 2383 tamen
584 2337 778 2395 AeneaS,
798 2351 946 2399 quum
966 2335 1405 2399 templumJunonis

54 2520 216 2563 quoque
236 2506 439 2560 homines,
461 2506 498 2548 si
520 2506 620 2561 quid
641 2505 800 2548 adversi
823 2505 991 2559 accidat,
1019 2518 1061 2546 se
1086 2519 1109 2546 a
1129 2504 1212 2545 Deo
1235 2503 1403 2544 destitui

56 2565 320 2608 arbitrentur.

114 2632 148 2667 l.
178 2626 248 2666 Od.
272 2625 348 2676 III,
374 2630 467 2672 1753
491 2624 565 2677 IV,
586 2629 679 2665 499.

109 2690 147 2724 2.
177 2683 340 2739 Eurip.‚
370 2686 551 2734 Troades,
575 2697 611 2724 v.
641 2688 688 2723 92
