1758 2903
831 115 1069 174 -138—>

277 226 578 292 potissimum
624 220 871 270 conflanda
916 218 1185 268 adhibitum
1231 218 1400 278 fuisse3
1457 226 1622 284 postea

276 318 384 349 vero
411 302 459 348 in
480 300 602 347 aeris
625 298 782 346 locum
806 297 984 344 ferrum
1009 297 1203 343 omnino
1225 297 1493 344 sucessisse.
1522 298 1623 347 Vir-

276 379 441 442 gilium
460 384 615 424 autem
637 372 868 422 evolventi
887 373 1021 421 brevi
1041 372 1283 436 apparebit
1305 372 1521 437 pleraque
1544 389 1622 422 ar-

278 470 462 502 morum
479 468 608 499 aerea
627 467 726 498 esse
741 468 751 508 3
769 451 983 497 thoraces
999 449 1161 496 ahenis
1174 449 1362 496 horrent
1383 451 1620 512 squamis:

278 546 381 577 aere
409 529 591 592 fulgent
615 527 765 590 clypei
784 535 828 573 et
848 526 1064 574 Mezentii
1083 533 1127 572 et
1143 525 1344 572 Maeonis
1358 534 1404 573 et
1421 527 1623 590 Cupenci

277 614 320 654 et
344 606 495 670 ipsius
531 606 737 663 Aeneae3
776 603 926 667 peltae
953 611 1132 648 aeratae
1158 602 1358 661 micant3
1392 617 1523 649 aerea
1555 611 1625 650 est

210 674 212 676 ’
278 683 491 730 Mezentii
537 681 668 745 galea
678 697 690 739 3
731 687 934 727 aeratam
975 679 1182 726 securim
1222 680 1374 741 quatit
1409 679 1621 742 Tarpeia.

278 760 437 807 Artem
465 756 679 821 tingendi
704 757 821 804 aeris
847 761 945 818 jam
984 755 1175 801 heroica
1201 761 1347 801 aetate
1377 755 1520 803 fuisse
1550 771 1624 803 re-

278 845 458 900 pertam
484 851 620 882 nemo
642 834 896 898 negaverit,
917 833 1098 881 etiamsi
1128 831 1183 878 de
1209 831 1297 878 hoc
1312 834 1545 879 Homerus
1565 839 1630 879 ta-

279 922 401 972 ceat3
422 910 530 975 ergo
545 926 680 958 nemo
704 910 950 957 mirabitur
965 924 1150 972 quoque
1174 908 1213 955 si
1239 907 1365 972 apud
1379 908 1628 972 Virgilium

281 989 519 1053 Cyclopes,

547 1105 652 1144 Aera
671 1102 761 1143 lacu
778 1103 808 1143 ¹.
1162 1054 1330 1102 ungunt

281 1231 375 1276 Hoc
404 1244 513 1276 vero
533 1227 767 1292 imprimis
792 1234 953 1274 notatu
974 1225 1172 1289 dignum
1196 1224 1321 1288 quod
1351 1233 1394 1273 et
1423 1226 1504 1274 illa
1530 1243 1633 1274 me-

281 1305 393 1353 talla
412 1305 600 1352 heroica
625 1312 771 1351 aetate
798 1303 1139 1367 pretiosissima
1166 1301 1392 1364 Virgilius
1429 1303 1628 1368 diligen-

1734 308 1758 438 ·famu-t.
1733 150 1758 211 ms

1732 564 1758 706 <aza-¹2⁴0!

282 1391 349 1428 ter
379 1382 623 1429 retinuerit
642 1397 654 1440 ;
698 1381 766 1427 sic
797 1380 967 1426 electro
992 1381 1007 1402 ²
1042 1388 1086 1426 et
1112 1393 1224 1425 auro
1265 1386 1447 1426 recocto
1471 1395 1634 1427 ocreae
1697 1393 1704 1399 ·
1741 1393 1751 1432 ζ

284 1460 461 1506 Aeneae
498 1457 724 1504 conflatae
755 1464 888 1511 sunt;
930 1456 996 1502 sic
1026 1470 1212 1518 quoque
1239 1456 1286 1502 in
1316 1455 1459 1504 lorica
1486 1457 1631 1504 Turni

284 1533 570 1581 orichalcum
610 1541 677 1580 est
713 1532 927 1591 videre³;
977 1530 1103 1595 quod
1143 1531 1333 1595 quidem
1389 1531 1630 1580 metallum

343 1746 378 1782 1.
409 1740 523 1792 Vm,
546 1744 640 1780 450.

340 1805 377 1838 2.
415 1798 523 1849 Quid
564 1796 808 1838 intellexerit
848 1798 1049 1851 Virgilius
1081 1812 1155 1853 per
1190 1800 1374 1841 electrum
1411 1813 1634 1853 aurumque

283 1865 493 1908 recoctum,
520 1856 586 1897 hic
605 1856 718 1897 locus
740 1856 952 1897 Strabonis
976 1858 1066 1908 (ΙΙΙ,
1083 1871 1125 1912 p.
1143 1860 1228 1910 146)
1251 1858 1463 1913 explanare
1482 1865 1631 1913 potest.

287 1936 305 1952 α
330 1917 396 1956 Ἐκ
418 1916 455 1955 δὲ
476 1920 538 1955 τοῦ
558 1917 690 1969 χρύσου
715 1918 883 1969 ἐψομένου
908 1917 967 1955 καὶ
989 1919 1246 1968 κἀθαιρομένου
1265 1917 1545 1970 στρυπτηριώδει
1563 1918 1638 1958 τινὶ

283 1978 328 2027 γῇ
352 1977 392 2014 τὸ
414 1976 580 2026 κάθαρμα
599 1975 767 2028 ἤλεκτρον
788 1969 894 2024 εἶναι,
926 1976 1030 2014 πάλιν
1050 1976 1084 2014 δὲ
1109 1976 1230 2014 τούτου
1253 1976 1492 2029 καθεψομένου
1515 1975 1634 2028 μίγμα

286 2034 427 2086 ἔχοντος
449 2033 596 2086 ἀργύρου
626 2033 687 2072 καὶ
715 2034 861 2084 χρύσου,
885 2035 943 2072 τὸν
973 2032 1035 2085 μὲν
1067 2034 1216 2086 ἄργυρον
1248 2035 1494 2082 ἀποκαίεσθαι,
1519 2037 1578 2074 τὸν
1597 2033 1634 2074 δὲ

285 2092 412 2144 χρυσὸν
445 2093 632 2141 ὑπομένειν
650 2109 688 2131 >›.
725 2093 977 2144 Κατεψομένου
1000 2090 1101 2130 mihi
1128 2091 1237 2131 idem
1257 2090 1387 2132 valere
1411 2091 1572 2133 videtur
1590 2105 1637 2134 ac

285 2157 485 2191 recoctum
528 2163 687 2190 aurum.
729 2151 839 2202 Ergo
881 2149 939 2190 ita
972 2149 1233 2190 statuendum
1261 2163 1268 2189 :
1305 2149 1497 2191 electrum
1525 2149 1636 2206 apud

286 2208 510 2263 Virgilium
534 2222 622 2249 esse
646 2207 864 2262 quamdam
888 2208 1046 2262 argenti
1064 2214 1103 2248 et
1120 2208 1208 2248 auri
1227 2207 1466 2260 mixturam;
1489 2223 1633 2250 aurum

286 2281 379 2308 vero
402 2274 602 2308 recoctum
623 2265 673 2306 ab
695 2265 841 2306 electro
863 2273 1082 2307 extractum
1104 2267 1311 2322 coquendo
1329 2267 1471 2308 fuisse.

341 2331 379 2366 3.
412 2328 504 2365 Aen.
524 2325 621 2374 XII,
647 2330 709 2365 87.
738 2325 973 2378 Rossignol,
997 2328 1059 2366 Les
1079 2328 1239 2366 Me'tauoe
1262 2328 1364 2368 dans
1380 2327 1600 2377 l'antiquite'
1621 2338 1631 2366 t

290 2403 310 2420 c<
326 2384 409 2425 Nul
433 2384 554 2424 doute
578 2398 655 2437 que
678 2383 715 2423 le
735 2387 850 2437 poete
873 2383 972 2423 latin
995 2397 1044 2423 nc
1065 2383 1244 2439 rappelle
1265 2399 1329 2425 ses
1349 2384 1580 2425 devanciers
1596 2390 1637 2426 et

290 2450 540 2484 notamment
571 2443 742 2482 l'auteur
773 2442 821 2482 de
851 2442 1027 2495 l'liymne
1059 2443 1295 2498 homerique
1331 2445 1354 2484 ὲ
1385 2443 1548 2494 Venus,
1584 2456 1637 2484 en

290 2503 490 2542 associant
519 2515 672 2541 comme
702 2501 760 2540 lui
791 2501 864 2541 l'or
887 2509 924 2541 et
945 2500 981 2540 la
1002 2501 1217 2542 substance
1245 2505 1439 2553 imayint'e
1459 2516 1561 2557 pour
1583 2503 1636 2542 ri-

290 2560 435 2600 valiser
453 2574 545 2600 avec
568 2560 686 2600 l'or».
711 2559 923 2600 Contendit
946 2560 1054 2599 enirn
1072 2560 1254 2602 Gallicus
1266 2560 1438 2616 scriptor
1457 2559 1633 2602 orichal-

292 2633 380 2658 cum
412 2617 515 2658 nihil
543 2619 668 2658 fuisse
695 2617 854 2659 heroica
883 2619 1002 2659 otiam
1032 2626 1160 2661 aetate
1188 2619 1268 2661 nisi
1293 2619 1495 2675 quoddam
1522 2633 1637 2661 com-

292 2677 525 2717 menticium
553 2677 776 2718 metallum.
