<?xml version="1.0" encoding="UTF-8"?>
<!DOCTYPE html PUBLIC "-//W3C//DTD XHTML 1.0 Transitional//EN"
    "http://www.w3.org/TR/xhtml1/DTD/xhtml1-transitional.dtd">
<html xmlns="http://www.w3.org/1999/xhtml" xml:lang="en" lang="en">
 <head>
  <title>
</title>
<meta http-equiv="Content-Type" content="text/html;charset=utf-8" />
  <meta name='ocr-system' content='tesseract 3.04.00' />
  <meta name='ocr-capabilities' content='ocr_page ocr_carea ocr_par ocr_line ocrx_word'/>
</head>
<body>
  <div class='ocr_page' id='page_1' title='image "./demorumindoleinv00bouguoft_0153.png"; bbox 0 0 1758 2903; ppageno 0'>
   <div class='ocr_carea' id='block_1_1' title="bbox 631 159 869 195">
    <p class='ocr_par' dir='ltr' id='par_1_1' title="bbox 631 159 869 195">
     <span class='ocr_line' id='line_1_1' title="bbox 631 159 869 195; baseline 0.004 0"><span class='ocrx_word' id='word_1_1' title='bbox 631 159 869 195; x_wconf 53' lang='lat'><strong>*127—</strong></span> 
     </span>
    </p>
   </div>
   <div class='ocr_carea' id='block_1_2' title="bbox 0 242 1416 2065">
    <p class='ocr_par' dir='ltr' id='par_1_2' title="bbox 0 242 1416 1070">
     <span class='ocr_line' id='line_1_2' title="bbox 0 242 1415 308; baseline 0.004 -19"><span class='ocrx_word' id='word_1_2' title='bbox 0 255 4 260; x_wconf 77' lang='grc'>’</span> <span class='ocrx_word' id='word_1_3' title='bbox 71 242 164 290; x_wconf 89' lang='lat' dir='ltr'>mel</span> <span class='ocrx_word' id='word_1_4' title='bbox 186 246 414 307; x_wconf 85' lang='lat' dir='ltr'>experta¹.</span> <span class='ocrx_word' id='word_1_5' title='bbox 442 243 508 289; x_wconf 88' lang='lat' dir='ltr'>Dii</span> <span class='ocrx_word' id='word_1_6' title='bbox 539 243 662 308; x_wconf 94' lang='lat' dir='ltr'>apud</span> <span class='ocrx_word' id='word_1_7' title='bbox 686 247 939 292; x_wconf 83' lang='lat' dir='ltr'><strong>Homerum</strong></span> <span class='ocrx_word' id='word_1_8' title='bbox 959 261 1012 292; x_wconf 91' lang='lat' dir='ltr'>ea</span> <span class='ocrx_word' id='word_1_9' title='bbox 1038 253 1221 293; x_wconf 87' lang='lat' dir='ltr'>tantum</span> <span class='ocrx_word' id='word_1_10' title='bbox 1243 254 1415 294; x_wconf 90' lang='lat' dir='ltr'>norunt</span> 
     </span>
     <span class='ocr_line' id='line_1_3' title="bbox 69 318 1411 382; baseline 0.002 -17"><span class='ocrx_word' id='word_1_11' title='bbox 69 334 188 381; x_wconf 89' lang='lat' dir='ltr'>quae</span> <span class='ocrx_word' id='word_1_12' title='bbox 218 325 300 365; x_wconf 91' lang='lat' dir='ltr'>aut</span> <span class='ocrx_word' id='word_1_13' title='bbox 329 318 419 379; x_wconf 82' lang='lat' dir='ltr'>ipsi</span> <span class='ocrx_word' id='word_1_14' title='bbox 455 318 665 366; x_wconf 83' lang='lat' dir='ltr'>viderunt</span> <span class='ocrx_word' id='word_1_15' title='bbox 691 328 771 367; x_wconf 90' lang='lat' dir='ltr'>aut</span> <span class='ocrx_word' id='word_1_16' title='bbox 808 337 886 382; x_wconf 89' lang='lat' dir='ltr'>per</span> <span class='ocrx_word' id='word_1_17' title='bbox 911 321 1101 368; x_wconf 90' lang='lat' dir='ltr'>nuntios</span> <span class='ocrx_word' id='word_1_18' title='bbox 1128 320 1281 368; x_wconf 83' lang='lat' dir='ltr'>edocti</span> <span class='ocrx_word' id='word_1_19' title='bbox 1309 321 1411 369; x_wconf 85' lang='lat' dir='ltr'>fue—</span> 
     </span>
     <span class='ocr_line' id='line_1_4' title="bbox 70 393 1415 461; baseline 0.004 -21"><span class='ocrx_word' id='word_1_20' title='bbox 70 402 209 454; x_wconf 84' lang='lat' dir='ltr'>runt3</span> <span class='ocrx_word' id='word_1_21' title='bbox 251 393 380 440; x_wconf 88' lang='lat' dir='ltr'>haud</span> <span class='ocrx_word' id='word_1_22' title='bbox 414 394 548 442; x_wconf 89' lang='lat' dir='ltr'>aliter</span> <span class='ocrx_word' id='word_1_23' title='bbox 590 396 640 442; x_wconf 90' lang='lat' dir='ltr'>in</span> <span class='ocrx_word' id='word_1_24' title='bbox 674 396 877 444; x_wconf 82' lang='lat' dir='ltr'><strong>Aeneide</strong></span> <span class='ocrx_word' id='word_1_25' title='bbox 906 398 1038 461; x_wconf 85' lang='lat' dir='ltr'>quasi</span> <span class='ocrx_word' id='word_1_26' title='bbox 1079 396 1195 444; x_wconf 91' lang='lat' dir='ltr'>forte</span> <span class='ocrx_word' id='word_1_27' title='bbox 1222 397 1415 445; x_wconf 82' lang='lat' dir='ltr'>fortuna</span> 
     </span>
     <span class='ocr_line' id='line_1_5' title="bbox 70 469 1415 536; baseline 0.004 -21"><span class='ocrx_word' id='word_1_28' title='bbox 70 469 238 516; x_wconf 85' lang='lat' dir='ltr'>certior</span> <span class='ocrx_word' id='word_1_29' title='bbox 256 469 308 516; x_wconf 87' lang='lat' dir='ltr'>fit</span> <span class='ocrx_word' id='word_1_30' title='bbox 332 472 354 518; x_wconf 91' lang='lat' dir='ltr'>J</span> <span class='ocrx_word' id='word_1_31' title='bbox 361 486 452 517; x_wconf 91' lang='lat' dir='ltr'>uno</span> <span class='ocrx_word' id='word_1_32' title='bbox 477 473 693 529; x_wconf 86' lang='lat' dir='ltr'>Teucros,</span> <span class='ocrx_word' id='word_1_33' title='bbox 717 488 835 535; x_wconf 91' lang='lat' dir='ltr'>quos</span> <span class='ocrx_word' id='word_1_34' title='bbox 854 489 935 536; x_wconf 91' lang='lat' dir='ltr'>per</span> <span class='ocrx_word' id='word_1_35' title='bbox 958 472 1105 519; x_wconf 89' lang='lat' dir='ltr'>maria</span> <span class='ocrx_word' id='word_1_36' title='bbox 1128 475 1290 519; x_wconf 88' lang='lat' dir='ltr'>omnia</span> <span class='ocrx_word' id='word_1_37' title='bbox 1309 489 1415 520; x_wconf 83' lang='lat' dir='ltr'>exa-</span> 
     </span>
     <span class='ocr_line' id='line_1_6' title="bbox 67 546 1416 612; baseline 0.004 -20"><span class='ocrx_word' id='word_1_38' title='bbox 67 546 196 609; x_wconf 87' lang='lat' dir='ltr'>gitet,</span> <span class='ocrx_word' id='word_1_39' title='bbox 226 546 284 593; x_wconf 89' lang='lat' dir='ltr'>ad</span> <span class='ocrx_word' id='word_1_40' title='bbox 324 546 482 594; x_wconf 88' lang='lat' dir='ltr'>Italiae</span> <span class='ocrx_word' id='word_1_41' title='bbox 508 563 613 595; x_wconf 89' lang='lat' dir='ltr'>oras</span> <span class='ocrx_word' id='word_1_42' title='bbox 638 552 736 611; x_wconf 74' lang='lat' dir='ltr'>Jam</span> <span class='ocrx_word' id='word_1_43' title='bbox 763 548 1013 612; x_wconf 81' lang='lat' dir='ltr'>appulisse.</span> <span class='ocrx_word' id='word_1_44' title='bbox 1042 550 1323 596; x_wconf 86' lang='lat' dir='ltr'>Futurarum</span> <span class='ocrx_word' id='word_1_45' title='bbox 1346 566 1416 597; x_wconf 90' lang='lat' dir='ltr'>re-</span> 
     </span>
     <span class='ocr_line' id='line_1_7' title="bbox 69 623 1414 687; baseline 0.003 -19"><span class='ocrx_word' id='word_1_46' title='bbox 69 638 176 668; x_wconf 87' lang='lat' dir='ltr'>rum</span> <span class='ocrx_word' id='word_1_47' title='bbox 201 623 394 670; x_wconf 87' lang='lat' dir='ltr'>scientia</span> <span class='ocrx_word' id='word_1_48' title='bbox 410 625 509 671; x_wconf 90' lang='lat' dir='ltr'>Jovi</span> <span class='ocrx_word' id='word_1_49' title='bbox 535 623 725 687; x_wconf 87' lang='lat' dir='ltr'>quidem</span> <span class='ocrx_word' id='word_1_50' title='bbox 753 623 877 687; x_wconf 92' lang='lat' dir='ltr'>apud</span> <span class='ocrx_word' id='word_1_51' title='bbox 901 627 1176 682; x_wconf 86' lang='lat' dir='ltr'>Homerum,</span> <span class='ocrx_word' id='word_1_52' title='bbox 1201 641 1296 672; x_wconf 91' lang='lat' dir='ltr'>non</span> <span class='ocrx_word' id='word_1_53' title='bbox 1319 626 1414 673; x_wconf 81' lang='lat' dir='ltr'>Diis</span> 
     </span>
     <span class='ocr_line' id='line_1_8' title="bbox 69 699 1412 764; baseline 0.002 -18"><span class='ocrx_word' id='word_1_54' title='bbox 69 699 310 758; x_wconf 87' lang='lat' dir='ltr'>omnibus,</span> <span class='ocrx_word' id='word_1_55' title='bbox 347 700 544 764; x_wconf 85' lang='lat' dir='ltr'>contigit</span> <span class='ocrx_word' id='word_1_56' title='bbox 574 715 583 747; x_wconf 88' lang='grc'>;</span> <span class='ocrx_word' id='word_1_57' title='bbox 626 716 711 748; x_wconf 90' lang='lat' dir='ltr'>nec</span> <span class='ocrx_word' id='word_1_58' title='bbox 746 699 994 763; x_wconf 85' lang='lat' dir='ltr'>prudentia</span> <span class='ocrx_word' id='word_1_59' title='bbox 1025 700 1267 748; x_wconf 87' lang='lat' dir='ltr'>subtiliore</span> <span class='ocrx_word' id='word_1_60' title='bbox 1295 704 1412 750; x_wconf 88' lang='lat' dir='ltr'>Deos</span> 
     </span>
     <span class='ocr_line' id='line_1_9' title="bbox 67 775 1414 840; baseline 0.002 -18"><span class='ocrx_word' id='word_1_61' title='bbox 67 792 177 823; x_wconf 92' lang='lat' dir='ltr'>suos</span> <span class='ocrx_word' id='word_1_62' title='bbox 206 775 430 839; x_wconf 86' lang='lat' dir='ltr'>Virgilius</span> <span class='ocrx_word' id='word_1_63' title='bbox 463 777 672 839; x_wconf 88' lang='lat' dir='ltr'>impertit</span> <span class='ocrx_word' id='word_1_64' title='bbox 699 791 710 823; x_wconf 89' lang='lat'>:</span> <span class='ocrx_word' id='word_1_65' title='bbox 748 778 906 824; x_wconf 90' lang='lat' dir='ltr'>Venus</span> <span class='ocrx_word' id='word_1_66' title='bbox 938 777 1131 823; x_wconf 87' lang='lat' dir='ltr'>nonnisi</span> <span class='ocrx_word' id='word_1_67' title='bbox 1175 777 1414 840; x_wconf 85' lang='lat' dir='ltr'>querendo</span> 
     </span>
     <span class='ocr_line' id='line_1_10' title="bbox 63 851 1412 911; baseline 0.001 -11"><span class='ocrx_word' id='word_1_68' title='bbox 63 853 235 900; x_wconf 84' lang='lat' dir='ltr'>evincit</span> <span class='ocrx_word' id='word_1_69' title='bbox 265 861 316 900; x_wconf 89' lang='lat' dir='ltr'>ut</span> <span class='ocrx_word' id='word_1_70' title='bbox 335 868 362 898; x_wconf 88' lang='lat' dir='ltr'>a</span> <span class='ocrx_word' id='word_1_71' title='bbox 385 855 496 900; x_wconf 88' lang='lat' dir='ltr'>Jove</span> <span class='ocrx_word' id='word_1_72' title='bbox 518 853 610 899; x_wconf 85' lang='lat' dir='ltr'>fata</span> <span class='ocrx_word' id='word_1_73' title='bbox 628 854 835 900; x_wconf 84' lang='lat' dir='ltr'>Romana</span> <span class='ocrx_word' id='word_1_74' title='bbox 856 851 1104 911; x_wconf 81' lang='lat' dir='ltr'>doceatur3</span> <span class='ocrx_word' id='word_1_75' title='bbox 1128 855 1305 900; x_wconf 88' lang='lat' dir='ltr'>Junoni</span> <span class='ocrx_word' id='word_1_76' title='bbox 1332 871 1412 901; x_wconf 90' lang='lat' dir='ltr'>ru-</span> 
     </span>
     <span class='ocr_line' id='line_1_11' title="bbox 64 929 1411 992; baseline 0.001 -15"><span class='ocrx_word' id='word_1_77' title='bbox 64 946 193 977; x_wconf 89' lang='lat' dir='ltr'>more</span> <span class='ocrx_word' id='word_1_78' title='bbox 214 938 392 977; x_wconf 89' lang='lat' dir='ltr'>tantum</span> <span class='ocrx_word' id='word_1_79' title='bbox 409 945 462 976; x_wconf 86' lang='lat' dir='ltr'>ac</span> <span class='ocrx_word' id='word_1_80' title='bbox 479 929 604 975; x_wconf 87' lang='lat' dir='ltr'>fama</span> <span class='ocrx_word' id='word_1_81' title='bbox 621 937 730 976; x_wconf 89' lang='lat' dir='ltr'>nota</span> <span class='ocrx_word' id='word_1_82' title='bbox 744 937 813 976; x_wconf 91' lang='lat' dir='ltr'>est</span> <span class='ocrx_word' id='word_1_83' title='bbox 832 939 931 976; x_wconf 88' lang='lat' dir='ltr'>tum</span> <span class='ocrx_word' id='word_1_84' title='bbox 952 929 1224 992; x_wconf 84' lang='lat' dir='ltr'>magnitudo</span> <span class='ocrx_word' id='word_1_85' title='bbox 1238 933 1411 979; x_wconf 86' lang='lat' dir='ltr'>Romae</span> 
     </span>
     <span class='ocr_line' id='line_1_12' title="bbox 65 1004 1127 1070; baseline -0.001 -17"><span class='ocrx_word' id='word_1_86' title='bbox 65 1015 164 1054; x_wconf 90' lang='lat' dir='ltr'>tum</span> <span class='ocrx_word' id='word_1_87' title='bbox 182 1006 329 1069; x_wconf 87' lang='lat' dir='ltr'>pestis</span> <span class='ocrx_word' id='word_1_88' title='bbox 351 1022 471 1070; x_wconf 89' lang='lat' dir='ltr'>quae</span> <span class='ocrx_word' id='word_1_89' title='bbox 495 1004 608 1051; x_wconf 87' lang='lat' dir='ltr'>olim</span> <span class='ocrx_word' id='word_1_90' title='bbox 628 1005 896 1069; x_wconf 82' lang='lat' dir='ltr'>Carthagini</span> <span class='ocrx_word' id='word_1_91' title='bbox 915 1006 1127 1053; x_wconf 85' lang='lat' dir='ltr'>instabit.</span> 
     </span>
    </p>

    <p class='ocr_par' dir='ltr' id='par_1_3' title="bbox 55 1081 1415 2065">
     <span class='ocr_line' id='line_1_13' title="bbox 129 1081 1409 1147; baseline 0.002 -18"><span class='ocrx_word' id='word_1_92' title='bbox 129 1085 230 1131; x_wconf 90' lang='lat' dir='ltr'>Jam</span> <span class='ocrx_word' id='word_1_93' title='bbox 274 1097 419 1146; x_wconf 89' lang='lat' dir='ltr'>supra</span> <span class='ocrx_word' id='word_1_94' title='bbox 460 1081 883 1129; x_wconf 82' lang='lat' dir='ltr'>animadvertimus</span> <span class='ocrx_word' id='word_1_95' title='bbox 932 1086 1095 1140; x_wconf 86' lang='lat' dir='ltr'>fatum,</span> <span class='ocrx_word' id='word_1_96' title='bbox 1135 1082 1272 1147; x_wconf 87' lang='lat' dir='ltr'>quale</span> <span class='ocrx_word' id='word_1_97' title='bbox 1316 1084 1409 1131; x_wconf 91' lang='lat' dir='ltr'>sibi</span> 
     </span>
     <span class='ocr_line' id='line_1_14' title="bbox 63 1158 1412 1223; baseline 0.001 -17"><span class='ocrx_word' id='word_1_98' title='bbox 63 1158 292 1222; x_wconf 84' lang='lat' dir='ltr'>Virgilius</span> <span class='ocrx_word' id='word_1_99' title='bbox 311 1158 562 1218; x_wconf 78' lang='lat' dir='ltr'>effinxerit,</span> <span class='ocrx_word' id='word_1_100' title='bbox 593 1158 649 1205; x_wconf 90' lang='lat' dir='ltr'>ab</span> <span class='ocrx_word' id='word_1_101' title='bbox 672 1160 919 1206; x_wconf 84' lang='lat' dir='ltr'>Homerico</span> <span class='ocrx_word' id='word_1_102' title='bbox 941 1159 1148 1219; x_wconf 84' lang='lat' dir='ltr'>differre,</span> <span class='ocrx_word' id='word_1_103' title='bbox 1167 1176 1333 1223; x_wconf 85' lang='lat' dir='ltr'>quum,</span> <span class='ocrx_word' id='word_1_104' title='bbox 1359 1168 1412 1207; x_wconf 90' lang='lat' dir='ltr'>ut</span> 
     </span>
     <span class='ocr_line' id='line_1_15' title="bbox 62 1234 1411 1301; baseline 0.001 -19"><span class='ocrx_word' id='word_1_105' title='bbox 62 1234 204 1282; x_wconf 88' lang='lat' dir='ltr'>verba</span> <span class='ocrx_word' id='word_1_106' title='bbox 231 1235 491 1282; x_wconf 86' lang='lat' dir='ltr'>doctissimi</span> <span class='ocrx_word' id='word_1_107' title='bbox 513 1236 778 1297; x_wconf 83' lang='lat' dir='ltr'>interpretis</span> <span class='ocrx_word' id='word_1_108' title='bbox 800 1252 1023 1298; x_wconf 75' lang='lat' dir='ltr'>usurpem</span> <span class='ocrx_word' id='word_1_109' title='bbox 1047 1256 1066 1277; x_wconf 91' lang='lat'>«</span> <span class='ocrx_word' id='word_1_110' title='bbox 1099 1252 1200 1282; x_wconf 89' lang='lat' dir='ltr'>esse</span> <span class='ocrx_word' id='word_1_111' title='bbox 1226 1237 1411 1301; x_wconf 86' lang='lat' dir='ltr'>aliquid</span> 
     </span>
     <span class='ocr_line' id='line_1_16' title="bbox 63 1312 1413 1375; baseline 0.001 -16"><span class='ocrx_word' id='word_1_112' title='bbox 63 1318 321 1370; x_wconf 84' lang='lat' dir='ltr'>aeternum,</span> <span class='ocrx_word' id='word_1_113' title='bbox 360 1328 510 1358; x_wconf 89' lang='lat' dir='ltr'>unum</span> <span class='ocrx_word' id='word_1_114' title='bbox 548 1319 689 1374; x_wconf 81' lang='lat' dir='ltr'>atque</span> <span class='ocrx_word' id='word_1_115' title='bbox 723 1312 1016 1359; x_wconf 86' lang='lat' dir='ltr'>immutabile</span> <span class='ocrx_word' id='word_1_116' title='bbox 1039 1329 1131 1375; x_wconf 92' lang='lat' dir='ltr'>quo</span> <span class='ocrx_word' id='word_1_117' title='bbox 1157 1315 1313 1359; x_wconf 91' lang='lat' dir='ltr'>omnia</span> <span class='ocrx_word' id='word_1_118' title='bbox 1339 1329 1413 1361; x_wconf 91' lang='lat' dir='ltr'>re-</span> 
     </span>
     <span class='ocr_line' id='line_1_17' title="bbox 63 1388 1413 1452; baseline 0.003 -19"><span class='ocrx_word' id='word_1_119' title='bbox 63 1395 252 1450; x_wconf 81' lang='lat' dir='ltr'>gantur,</span> <span class='ocrx_word' id='word_1_120' title='bbox 279 1388 431 1450; x_wconf 83' lang='lat' dir='ltr'>magis</span> <span class='ocrx_word' id='word_1_121' title='bbox 458 1403 484 1433; x_wconf 91' lang='lat' dir='ltr'>a</span> <span class='ocrx_word' id='word_1_122' title='bbox 511 1388 702 1451; x_wconf 82' lang='lat' dir='ltr'>Virgilio</span> <span class='ocrx_word' id='word_1_123' title='bbox 722 1397 1017 1451; x_wconf 88' lang='lat' dir='ltr'>perspectum</span> <span class='ocrx_word' id='word_1_124' title='bbox 1043 1389 1176 1435; x_wconf 84' lang='lat' dir='ltr'>fuerit</span> <span class='ocrx_word' id='word_1_125' title='bbox 1196 1405 1336 1452; x_wconf 91' lang='lat' dir='ltr'>quam</span> <span class='ocrx_word' id='word_1_126' title='bbox 1355 1390 1413 1437; x_wconf 90' lang='lat' dir='ltr'>ab</span> 
     </span>
     <span class='ocr_line' id='line_1_18' title="bbox 62 1463 1415 1528; baseline 0.001 -17"><span class='ocrx_word' id='word_1_127' title='bbox 62 1465 286 1511; x_wconf 84' lang='lat' dir='ltr'>Homero²</span> <span class='ocrx_word' id='word_1_128' title='bbox 306 1484 350 1512; x_wconf 74' lang='lat'>22.</span> <span class='ocrx_word' id='word_1_129' title='bbox 368 1465 510 1527; x_wconf 86' lang='lat' dir='ltr'>Atqui</span> <span class='ocrx_word' id='word_1_130' title='bbox 531 1463 667 1528; x_wconf 86' lang='lat' dir='ltr'>plura</span> <span class='ocrx_word' id='word_1_131' title='bbox 685 1473 940 1511; x_wconf 89' lang='lat' dir='ltr'>occurrunt</span> <span class='ocrx_word' id='word_1_132' title='bbox 960 1481 1078 1528; x_wconf 89' lang='lat' dir='ltr'>quae</span> <span class='ocrx_word' id='word_1_133' title='bbox 1102 1465 1160 1511; x_wconf 91' lang='lat' dir='ltr'>ab</span> <span class='ocrx_word' id='word_1_134' title='bbox 1173 1466 1415 1513; x_wconf 88' lang='lat' dir='ltr'>Homerica</span> 
     </span>
     <span class='ocr_line' id='line_1_19' title="bbox 62 1539 1414 1604; baseline 0.002 -17"><span class='ocrx_word' id='word_1_135' title='bbox 62 1541 277 1587; x_wconf 89' lang='lat' dir='ltr'>doctrina</span> <span class='ocrx_word' id='word_1_136' title='bbox 292 1556 384 1587; x_wconf 91' lang='lat' dir='ltr'>non</span> <span class='ocrx_word' id='word_1_137' title='bbox 403 1547 497 1587; x_wconf 87' lang='lat' dir='ltr'>tam</span> <span class='ocrx_word' id='word_1_138' title='bbox 511 1539 648 1604; x_wconf 85' lang='lat' dir='ltr'>longe</span> <span class='ocrx_word' id='word_1_139' title='bbox 667 1541 883 1587; x_wconf 80' lang='lat' dir='ltr'>recedere</span> <span class='ocrx_word' id='word_1_140' title='bbox 896 1540 1162 1588; x_wconf 86' lang='lat' dir='ltr'>videantur.</span> <span class='ocrx_word' id='word_1_141' title='bbox 1186 1543 1241 1588; x_wconf 90' lang='lat' dir='ltr'>Ut</span> <span class='ocrx_word' id='word_1_142' title='bbox 1257 1558 1414 1590; x_wconf 81' lang='lat' dir='ltr'>exem-</span> 
     </span>
     <span class='ocr_line' id='line_1_20' title="bbox 62 1615 1413 1682; baseline 0.001 -18"><span class='ocrx_word' id='word_1_143' title='bbox 62 1617 142 1682; x_wconf 91' lang='lat' dir='ltr'>plo</span> <span class='ocrx_word' id='word_1_144' title='bbox 164 1625 287 1677; x_wconf 86' lang='lat' dir='ltr'>utar,</span> <span class='ocrx_word' id='word_1_145' title='bbox 317 1615 434 1680; x_wconf 89' lang='lat' dir='ltr'>quid</span> <span class='ocrx_word' id='word_1_146' title='bbox 459 1617 608 1681; x_wconf 85' lang='lat' dir='ltr'>magis</span> <span class='ocrx_word' id='word_1_147' title='bbox 635 1616 874 1680; x_wconf 84' lang='lat' dir='ltr'>singulare</span> <span class='ocrx_word' id='word_1_148' title='bbox 895 1633 1035 1680; x_wconf 87' lang='lat' dir='ltr'>quam</span> <span class='ocrx_word' id='word_1_149' title='bbox 1058 1617 1138 1664; x_wconf 83' lang='lat' dir='ltr'>illa</span> <span class='ocrx_word' id='word_1_150' title='bbox 1159 1618 1413 1666; x_wconf 86' lang='lat' dir='ltr'>verborum</span> 
     </span>
     <span class='ocr_line' id='line_1_21' title="bbox 55 1694 1414 1759; baseline 0 -18"><span class='ocrx_word' id='word_1_151' title='bbox 55 1695 292 1757; x_wconf 80' lang='lat' dir='ltr'>junctura,</span> <span class='ocrx_word' id='word_1_152' title='bbox 324 1700 348 1746; x_wconf 73' lang='grc' dir='ltr'>-ἡ</span> <span class='ocrx_word' id='word_1_153' title='bbox 376 1705 464 1748; x_wconf 86' lang='grc' dir='ltr'>Διος</span> <span class='ocrx_word' id='word_1_154' title='bbox 492 1700 631 1758; x_wconf 82' lang='grc' dir='ltr'>μοῖρα,</span> <span class='ocrx_word' id='word_1_155' title='bbox 663 1702 785 1759; x_wconf 82' lang='grc' dir='ltr'>μοῖρα</span> <span class='ocrx_word' id='word_1_156' title='bbox 814 1694 946 1740; x_wconf 66' lang='grc' dir='ltr'>θέωνῗ</span> <span class='ocrx_word' id='word_1_157' title='bbox 973 1695 1158 1741; x_wconf 89' lang='lat' dir='ltr'>Etenim</span> <span class='ocrx_word' id='word_1_158' title='bbox 1187 1695 1226 1741; x_wconf 88' lang='lat' dir='ltr'>si</span> <span class='ocrx_word' id='word_1_159' title='bbox 1252 1695 1333 1741; x_wconf 87' lang='lat' dir='ltr'>fati</span> <span class='ocrx_word' id='word_1_160' title='bbox 1364 1696 1414 1742; x_wconf 85' lang='lat' dir='ltr'>in</span> 
     </span>
     <span class='ocr_line' id='line_1_22' title="bbox 61 1770 1412 1836; baseline 0 -17"><span class='ocrx_word' id='word_1_161' title='bbox 61 1773 218 1820; x_wconf 80' lang='lat' dir='ltr'>Iovem</span> <span class='ocrx_word' id='word_1_162' title='bbox 255 1771 503 1836; x_wconf 81' lang='lat' dir='ltr'>imperinm</span> <span class='ocrx_word' id='word_1_163' title='bbox 543 1772 618 1829; x_wconf 84' lang='lat' dir='ltr'>sit,</span> <span class='ocrx_word' id='word_1_164' title='bbox 655 1770 889 1834; x_wconf 90' lang='lat' dir='ltr'>quomodo</span> <span class='ocrx_word' id='word_1_165' title='bbox 915 1771 1061 1818; x_wconf 88' lang='lat' dir='ltr'>fatum</span> <span class='ocrx_word' id='word_1_166' title='bbox 1092 1773 1167 1818; x_wconf 83' lang='lat' dir='ltr'>dei</span> <span class='ocrx_word' id='word_1_167' title='bbox 1193 1787 1284 1818; x_wconf 83' lang='lat' dir='ltr'>esse</span> <span class='ocrx_word' id='word_1_168' title='bbox 1317 1771 1412 1819; x_wconf 90' lang='lat' dir='ltr'>dici</span> 
     </span>
     <span class='ocr_line' id='line_1_23' title="bbox 61 1847 1408 1913; baseline -0.001 -17"><span class='ocrx_word' id='word_1_169' title='bbox 61 1856 228 1913; x_wconf 82' lang='lat' dir='ltr'>potest,</span> <span class='ocrx_word' id='word_1_170' title='bbox 263 1847 390 1911; x_wconf 90' lang='lat' dir='ltr'>quod</span> <span class='ocrx_word' id='word_1_171' title='bbox 423 1848 544 1894; x_wconf 91' lang='lat' dir='ltr'>idem</span> <span class='ocrx_word' id='word_1_172' title='bbox 585 1848 678 1894; x_wconf 88' lang='lat' dir='ltr'>fere</span> <span class='ocrx_word' id='word_1_173' title='bbox 717 1847 837 1894; x_wconf 86' lang='lat' dir='ltr'>valet</span> <span class='ocrx_word' id='word_1_174' title='bbox 870 1856 1012 1911; x_wconf 88' lang='lat' dir='ltr'>atque</span> <span class='ocrx_word' id='word_1_175' title='bbox 1041 1864 1070 1894; x_wconf 85' lang='lat' dir='ltr'>a</span> <span class='ocrx_word' id='word_1_176' title='bbox 1095 1849 1173 1894; x_wconf 81' lang='lat' dir='ltr'>deo</span> <span class='ocrx_word' id='word_1_177' title='bbox 1194 1850 1408 1909; x_wconf 79' lang='lat' dir='ltr'>pendere,</span> 
     </span>
     <span class='ocr_line' id='line_1_24' title="bbox 62 1924 1414 1988; baseline 0.001 -16"><span class='ocrx_word' id='word_1_178' title='bbox 62 1927 141 1972; x_wconf 86' lang='lat' dir='ltr'>deo</span> <span class='ocrx_word' id='word_1_179' title='bbox 177 1924 388 1972; x_wconf 74' lang='lat' dir='ltr'>servire?</span> <span class='ocrx_word' id='word_1_180' title='bbox 414 1925 494 1970; x_wconf 83' lang='lat' dir='ltr'>Sin</span> <span class='ocrx_word' id='word_1_181' title='bbox 530 1926 711 1988; x_wconf 86' lang='lat' dir='ltr'>Jupiter</span> <span class='ocrx_word' id='word_1_182' title='bbox 737 1925 829 1970; x_wconf 87' lang='lat' dir='ltr'>fata</span> <span class='ocrx_word' id='word_1_183' title='bbox 858 1931 1006 1988; x_wconf 81' lang='lat' dir='ltr'>regat,</span> <span class='ocrx_word' id='word_1_184' title='bbox 1035 1940 1119 1971; x_wconf 90' lang='lat' dir='ltr'>cur</span> <span class='ocrx_word' id='word_1_185' title='bbox 1150 1927 1215 1970; x_wconf 88' lang='lat' dir='ltr'>ita</span> <span class='ocrx_word' id='word_1_186' title='bbox 1248 1934 1414 1973; x_wconf 85' lang='lat' dir='ltr'>curant</span> 
     </span>
     <span class='ocr_line' id='line_1_25' title="bbox 61 1999 1414 2065; baseline 0 -17"><span class='ocrx_word' id='word_1_187' title='bbox 61 2002 158 2062; x_wconf 91' lang='lat' dir='ltr'>Dii,</span> <span class='ocrx_word' id='word_1_188' title='bbox 183 2009 228 2048; x_wconf 90' lang='lat' dir='ltr'>et</span> <span class='ocrx_word' id='word_1_189' title='bbox 249 2002 348 2065; x_wconf 90' lang='lat' dir='ltr'>ipse</span> <span class='ocrx_word' id='word_1_190' title='bbox 374 2001 570 2064; x_wconf 85' lang='lat' dir='ltr'>Jupiter,</span> <span class='ocrx_word' id='word_1_191' title='bbox 588 2017 644 2047; x_wconf 90' lang='lat' dir='ltr'>ne</span> <span class='ocrx_word' id='word_1_192' title='bbox 669 1999 784 2064; x_wconf 91' lang='lat' dir='ltr'>quid</span> <span class='ocrx_word' id='word_1_193' title='bbox 808 2009 969 2047; x_wconf 84' lang='lat' dir='ltr'>contra</span> <span class='ocrx_word' id='word_1_194' title='bbox 991 2003 1138 2047; x_wconf 82' lang='lat' dir='ltr'>fatum</span> <span class='ocrx_word' id='word_1_195' title='bbox 1158 1999 1375 2048; x_wconf 88' lang='lat' dir='ltr'>adveniat</span> <span class='ocrx_word' id='word_1_196' title='bbox 1391 2002 1414 2048; x_wconf 68' lang='grc' dir='ltr'>’ἒ</span> 
     </span>
    </p>
   </div>
   <div class='ocr_carea' id='block_1_3' title="bbox 61 2176 1415 2690">
    <p class='ocr_par' dir='ltr' id='par_1_4' title="bbox 61 2176 1415 2690">
     <span class='ocr_line' id='line_1_26' title="bbox 119 2176 1411 2233; baseline -0.001 -13"><span class='ocrx_word' id='word_1_197' title='bbox 119 2182 155 2220; x_wconf 91' lang='lat'>1.</span> <span class='ocrx_word' id='word_1_198' title='bbox 185 2176 245 2217; x_wconf 88' lang='lat' dir='ltr'>Cf.</span> <span class='ocrx_word' id='word_1_199' title='bbox 278 2176 436 2227; x_wconf 76' lang='lat' dir='ltr'>Allihn,</span> <span class='ocrx_word' id='word_1_200' title='bbox 476 2179 632 2220; x_wconf 74' lang='lat' dir='ltr'>Dissert.</span> <span class='ocrx_word' id='word_1_201' title='bbox 663 2179 707 2218; x_wconf 81' lang='lat' dir='ltr'>de</span> <span class='ocrx_word' id='word_1_202' title='bbox 737 2180 827 2219; x_wconf 74' lang='lat' dir='ltr'>idea</span> <span class='ocrx_word' id='word_1_203' title='bbox 854 2180 958 2230; x_wconf 75' lang='lat' dir='ltr'>justi</span> <span class='ocrx_word' id='word_1_204' title='bbox 982 2181 1112 2230; x_wconf 67' lang='lat' dir='ltr'>qualis</span> <span class='ocrx_word' id='word_1_205' title='bbox 1147 2181 1268 2229; x_wconf 74' lang='lat' dir='ltr'>faerit</span> <span class='ocrx_word' id='word_1_206' title='bbox 1302 2178 1411 2233; x_wconf 87' lang='lat' dir='ltr'>apud</span> 
     </span>
     <span class='ocr_line' id='line_1_27' title="bbox 61 2235 1409 2292; baseline 0.001 -16"><span class='ocrx_word' id='word_1_207' title='bbox 61 2237 227 2277; x_wconf 86' lang='lat' dir='ltr'>Homer.</span> <span class='ocrx_word' id='word_1_208' title='bbox 251 2242 290 2276; x_wconf 85' lang='lat' dir='ltr'>et</span> <span class='ocrx_word' id='word_1_209' title='bbox 311 2235 552 2289; x_wconf 84' lang='lat' dir='ltr'>Hesiodum,</span> <span class='ocrx_word' id='word_1_210' title='bbox 572 2235 665 2276; x_wconf 88' lang='lat' dir='ltr'>Hal.</span> <span class='ocrx_word' id='word_1_211' title='bbox 694 2241 808 2287; x_wconf 74' lang='lat'>1847,</span> <span class='ocrx_word' id='word_1_212' title='bbox 829 2250 869 2292; x_wconf 90' lang='lat' dir='ltr'>p.</span> <span class='ocrx_word' id='word_1_213' title='bbox 900 2242 944 2277; x_wconf 69' lang='lat'>31</span> <span class='ocrx_word' id='word_1_214' title='bbox 970 2256 978 2277; x_wconf 89' lang='lat'><strong>:</strong></span> <span class='ocrx_word' id='word_1_215' title='bbox 1004 2256 1025 2273; x_wconf 71' lang='grc' dir='ltr'>ιε</span> <span class='ocrx_word' id='word_1_216' title='bbox 1041 2237 1192 2278; x_wconf 83' lang='lat' dir='ltr'>Incidit</span> <span class='ocrx_word' id='word_1_217' title='bbox 1210 2244 1256 2278; x_wconf 89' lang='lat' dir='ltr'>ut</span> <span class='ocrx_word' id='word_1_218' title='bbox 1273 2253 1294 2278; x_wconf 89' lang='lat' dir='ltr'>a</span> <span class='ocrx_word' id='word_1_219' title='bbox 1314 2252 1409 2292; x_wconf 88' lang='lat' dir='ltr'>pro-</span> 
     </span>
     <span class='ocr_line' id='line_1_28' title="bbox 61 2294 1413 2352; baseline 0.001 -16"><span class='ocrx_word' id='word_1_220' title='bbox 61 2295 194 2351; x_wconf 84' lang='lat' dir='ltr'>posito</span> <span class='ocrx_word' id='word_1_221' title='bbox 216 2302 254 2335; x_wconf 84' lang='lat' dir='ltr'>et</span> <span class='ocrx_word' id='word_1_222' title='bbox 281 2309 303 2334; x_wconf 83' lang='lat' dir='ltr'>a</span> <span class='ocrx_word' id='word_1_223' title='bbox 323 2295 524 2349; x_wconf 84' lang='lat' dir='ltr'>susceptis</span> <span class='ocrx_word' id='word_1_224' title='bbox 545 2294 756 2336; x_wconf 84' lang='lat' dir='ltr'>desciscat.</span> <span class='ocrx_word' id='word_1_225' title='bbox 787 2295 904 2346; x_wconf 86' lang='lat' dir='ltr'>Quod</span> <span class='ocrx_word' id='word_1_226' title='bbox 928 2295 1073 2337; x_wconf 85' lang='lat' dir='ltr'>accidit</span> <span class='ocrx_word' id='word_1_227' title='bbox 1101 2310 1230 2350; x_wconf 87' lang='lat' dir='ltr'>quum</span> <span class='ocrx_word' id='word_1_228' title='bbox 1262 2297 1413 2352; x_wconf 86' lang='lat' dir='ltr'>Sarpe—</span> 
     </span>
     <span class='ocr_line' id='line_1_29' title="bbox 62 2353 1410 2408; baseline 0.001 -13"><span class='ocrx_word' id='word_1_229' title='bbox 62 2354 160 2395; x_wconf 87' lang='lat' dir='ltr'>doni</span> <span class='ocrx_word' id='word_1_230' title='bbox 198 2353 280 2394; x_wconf 88' lang='lat' dir='ltr'>filio</span> <span class='ocrx_word' id='word_1_231' title='bbox 330 2353 610 2395; x_wconf 86' lang='lat' dir='ltr'>amantissimo</span> <span class='ocrx_word' id='word_1_232' title='bbox 647 2362 819 2396; x_wconf 90' lang='lat' dir='ltr'>mortem</span> <span class='ocrx_word' id='word_1_233' title='bbox 855 2356 1071 2396; x_wconf 89' lang='lat' dir='ltr'>imminere</span> <span class='ocrx_word' id='word_1_234' title='bbox 1099 2355 1222 2408; x_wconf 88' lang='lat' dir='ltr'>videt,</span> <span class='ocrx_word' id='word_1_235' title='bbox 1260 2358 1306 2397; x_wconf 84' lang='lat' dir='ltr'>Il.</span> <span class='ocrx_word' id='word_1_236' title='bbox 1337 2356 1410 2406; x_wconf 80' lang='lat' dir='ltr'>VI,</span> 
     </span>
     <span class='ocr_line' id='line_1_30' title="bbox 62 2412 1415 2470; baseline 0.001 -16"><span class='ocrx_word' id='word_1_237' title='bbox 62 2418 154 2460; x_wconf 80' lang='lat'>435,</span> <span class='ocrx_word' id='word_1_238' title='bbox 169 2413 226 2453; x_wconf 88' lang='lat' dir='ltr'>ita</span> <span class='ocrx_word' id='word_1_239' title='bbox 245 2419 290 2453; x_wconf 88' lang='lat' dir='ltr'>ut</span> <span class='ocrx_word' id='word_1_240' title='bbox 306 2413 331 2454; x_wconf 85' lang='lat' dir='ltr'>J</span> <span class='ocrx_word' id='word_1_241' title='bbox 336 2427 414 2452; x_wconf 90' lang='lat' dir='ltr'>uno</span> <span class='ocrx_word' id='word_1_242' title='bbox 428 2412 465 2453; x_wconf 88' lang='lat' dir='ltr'>ei</span> <span class='ocrx_word' id='word_1_243' title='bbox 481 2413 525 2453; x_wconf 89' lang='lat' dir='ltr'>in</span> <span class='ocrx_word' id='word_1_244' title='bbox 543 2415 781 2454; x_wconf 88' lang='lat' dir='ltr'>memoriam</span> <span class='ocrx_word' id='word_1_245' title='bbox 802 2428 987 2456; x_wconf 82' lang='lat' dir='ltr'>revocare</span> <span class='ocrx_word' id='word_1_246' title='bbox 1004 2414 1148 2455; x_wconf 86' lang='lat' dir='ltr'>debeat</span> <span class='ocrx_word' id='word_1_247' title='bbox 1166 2414 1276 2470; x_wconf 77' lang='lat' dir='ltr'>quod</span> <span class='ocrx_word' id='word_1_248' title='bbox 1295 2422 1415 2455; x_wconf 86' lang='lat' dir='ltr'>antea</span> 
     </span>
     <span class='ocr_line' id='line_1_31' title="bbox 61 2471 1410 2526; baseline 0.001 -13"><span class='ocrx_word' id='word_1_249' title='bbox 61 2471 112 2513; x_wconf 90' lang='lat' dir='ltr'>de</span> <span class='ocrx_word' id='word_1_250' title='bbox 153 2473 421 2526; x_wconf 83' lang='lat' dir='ltr'>Trojanorum</span> <span class='ocrx_word' id='word_1_251' title='bbox 454 2478 492 2512; x_wconf 87' lang='lat' dir='ltr'>et</span> <span class='ocrx_word' id='word_1_252' title='bbox 522 2472 777 2513; x_wconf 88' lang='lat' dir='ltr'>Achaeorum</span> <span class='ocrx_word' id='word_1_253' title='bbox 807 2481 913 2514; x_wconf 86' lang='lat' dir='ltr'>sorte</span> <span class='ocrx_word' id='word_1_254' title='bbox 944 2474 1178 2515; x_wconf 83' lang='lat' dir='ltr'>decreverit.</span> <span class='ocrx_word' id='word_1_255' title='bbox 1211 2476 1262 2515; x_wconf 84' lang='lat' dir='ltr'>Il.</span> <span class='ocrx_word' id='word_1_256' title='bbox 1299 2474 1410 2526; x_wconf 88' lang='lat' dir='ltr'>XVI,</span> 
     </span>
     <span class='ocr_line' id='line_1_32' title="bbox 63 2530 1410 2587; baseline 0.001 -16"><span class='ocrx_word' id='word_1_257' title='bbox 63 2536 154 2571; x_wconf 75' lang='lat'><strong>440.</strong></span> <span class='ocrx_word' id='word_1_258' title='bbox 179 2530 362 2571; x_wconf 81' lang='lat' dir='ltr'>—Idem</span> <span class='ocrx_word' id='word_1_259' title='bbox 392 2531 441 2571; x_wconf 92' lang='lat' dir='ltr'>de</span> <span class='ocrx_word' id='word_1_260' title='bbox 472 2531 658 2572; x_wconf 86' lang='lat' dir='ltr'>Hectoris</span> <span class='ocrx_word' id='word_1_261' title='bbox 691 2531 806 2573; x_wconf 85' lang='lat' dir='ltr'>obitu</span> <span class='ocrx_word' id='word_1_262' title='bbox 837 2539 1038 2587; x_wconf 79' lang='lat' dir='ltr'>narratur,</span> <span class='ocrx_word' id='word_1_263' title='bbox 1067 2535 1114 2573; x_wconf 81' lang='lat' dir='ltr'>Il.</span> <span class='ocrx_word' id='word_1_264' title='bbox 1149 2533 1281 2585; x_wconf 86' lang='lat' dir='ltr'>XXII,</span> <span class='ocrx_word' id='word_1_265' title='bbox 1321 2538 1410 2585; x_wconf 87' lang='grc'>168,</span> 
     </span>
     <span class='ocr_line' id='line_1_33' title="bbox 61 2589 1410 2645; baseline 0.002 -15"><span class='ocrx_word' id='word_1_266' title='bbox 61 2589 136 2631; x_wconf 88' lang='lat' dir='ltr'>ubi</span> <span class='ocrx_word' id='word_1_267' title='bbox 157 2590 344 2630; x_wconf 81' lang='lat' dir='ltr'>Minerva</span> <span class='ocrx_word' id='word_1_268' title='bbox 365 2589 512 2630; x_wconf 87' lang='lat' dir='ltr'>iisdem</span> <span class='ocrx_word' id='word_1_269' title='bbox 533 2591 785 2645; x_wconf 85' lang='lat' dir='ltr'>argumentis</span> <span class='ocrx_word' id='word_1_270' title='bbox 810 2592 949 2634; x_wconf 88' lang='lat' dir='ltr'>Jovem</span> <span class='ocrx_word' id='word_1_271' title='bbox 978 2591 1029 2633; x_wconf 88' lang='lat' dir='ltr'>ad</span> <span class='ocrx_word' id='word_1_272' title='bbox 1063 2606 1203 2632; x_wconf 88' lang='lat' dir='ltr'>sanam</span> <span class='ocrx_word' id='word_1_273' title='bbox 1233 2599 1410 2633; x_wconf 81' lang='lat' dir='ltr'>mentem</span> 
     </span>
     <span class='ocr_line' id='line_1_34' title="bbox 62 2647 468 2690; baseline 0.002 -2"><span class='ocrx_word' id='word_1_274' title='bbox 62 2647 252 2690; x_wconf 81' lang='lat' dir='ltr'>reducere</span> <span class='ocrx_word' id='word_1_275' title='bbox 279 2648 414 2689; x_wconf 87' lang='lat' dir='ltr'>studet</span> <span class='ocrx_word' id='word_1_276' title='bbox 433 2667 468 2689; x_wconf 75' lang='lat' dir='ltr'>n.</span> 
     </span>
    </p>
   </div>
   <div class='ocr_carea' id='block_1_4' title="bbox 116 2707 1319 2763">
    <p class='ocr_par' dir='ltr' id='par_1_5' title="bbox 116 2707 1319 2763">
     <span class='ocr_line' id='line_1_35' title="bbox 116 2707 1319 2763; baseline 0.002 -15"><span class='ocrx_word' id='word_1_277' title='bbox 116 2714 154 2749; x_wconf 81' lang='lat'>2.</span> <span class='ocrx_word' id='word_1_278' title='bbox 186 2707 368 2760; x_wconf 84' lang='lat' dir='ltr'>Dietsch,</span> <span class='ocrx_word' id='word_1_279' title='bbox 399 2711 753 2761; x_wconf 72' lang='lat' dir='ltr'>Theocoqoumenon</span> <span class='ocrx_word' id='word_1_280' title='bbox 780 2712 1092 2762; x_wconf 71' lang='lat' dir='ltr'>Verqilianorum</span> <span class='ocrx_word' id='word_1_281' title='bbox 1105 2713 1319 2763; x_wconf 70' lang='lat' dir='ltr'>particula.</span> 
     </span>
    </p>
   </div>
  </div>
 </body>
</html>
