1758 2903
814 75 998 109 -g-

301 158 423 216 Quid
456 157 598 204 medii
632 159 731 203 aevi
759 158 1008 220 scriptores
1044 160 1100 207 de
1123 157 1328 206 Aeneide
1354 160 1583 206 senserint

238 251 330 282 non
368 242 438 281 est
471 232 603 279 valde
638 232 960 281 laborandum.
1002 237 1187 283 Etenim
1228 235 1452 297 Virgilius
1489 251 1580 282 non

232 314 330 372 jam
357 324 599 367 romanus,
631 324 782 372 neque
810 325 1022 372 graecus,
1064 327 1214 374 neque
1249 311 1454 357 imitator
1492 314 1581 357 [Io-

239 387 355 432 meri
383 401 532 448 neque
552 386 688 432 etiam
714 394 846 447 poeta
865 385 1143 444 habebatur,
1173 387 1254 433 sed
1281 388 1583 434 incantatoris

237 470 280 508 et
313 462 605 524 magicarum
640 462 813 507 artium
850 462 1047 508 artificis
1087 462 1257 508 famam
1297 463 1423 526 ipsos
1464 463 1586 510 inter

237 538 386 584 cleros
410 536 586 583 ferebat
606 541 638 582 ¹.

303 613 391 662 Sed
413 612 496 660 ubi
520 613 722 675 primurn
745 613 824 659 lux
851 613 932 660 illa
960 614 1305 661 renascentium
1323 613 1583 662 litterarum

239 693 474 753 Europam
497 689 771 748 illustravit,
797 690 1013 753 Virgilio,
1040 689 1243 736 tenebris
1270 697 1461 752 repente
1486 689 1584 736 dis-

241 767 412 825 cussis,
443 782 528 813 sua
549 783 659 813 vera
690 767 829 813 facies
857 776 996 829 atque
1022 766 1217 825 indoles,
1245 775 1296 813 ut
1323 767 1386 812 ita
1410 765 1582 824 dicam,

240 841 423 889 reddita
456 850 546 900 est;
582 851 626 889 et
665 843 814 905 poetis
843 847 942 906 jam
978 853 1312 889 annumeratus
1345 843 1583 902 maximis,

238 919 332 966 imo
362 918 551 965 habltus
587 920 841 976 maximUS‚
877 920 1032 981 coepit
1065 935 1171 965 cum
1198 918 1410 980 undique
1433 934 1584 965 emer-

239 1003 377 1058 gente
399 993 629 1041 librorum
649 995 972 1057 antiquorum,
1003 1004 1104 1042 tum
1141 995 1465 1053 historiarum,
1483 1002 1583 1041 tum

241 1072 523 1126 carminum,
563 1072 697 1134 copia
736 1087 788 1117 ac
814 1073 1035 1117 varietate
1076 1070 1507 1133 comparari.'1nde
1539 1073 1583 1118 J.

241 1147 444 1210 Scaliger
466 1146 719 1210 Virgilium
754 1148 1041 1193 existimavit
1076 1168 1097 1189 «
1129 1149 1202 1194 sui
1237 1149 1463 1210 temporis
1485 1147 1586 1194 his-

242 1224 387 1269 torias
410 1224 598 1286 ingenio
616 1234 823 1270 velerum
847 1224 1144 1270 historiarum
1166 1233 1342 1287 aptare.
1363 1224 1498 1270 »Non
1517 1231 1590 1270 est

243 1299 368 1362 quod
394 1308 437 1346 te
462 1300 642 1347 taedeat
672 1302 826 1346 virum
862 1300 1084 1347 doctissi2i
1109 1316 1190 1347 um
1218 1299 1379 1347 audire
1412 1300 1469 1346 de
1500 1299 1588 1346 hac

241 1393 291 1423 re
332 1374 706 1423 disserentem²z
756 1397 778 1420 «
808 1377 1044 1423 Venulum
1081 1393 1130 1423 ex
1167 1393 1287 1439 equo
1324 1375 1585 1423 detractum

241 1453 409 1500 scribit
431 1468 454 1499 a
476 1454 730 1500 Tarchonte
760 1461 896 1515 atque
921 1469 1060 1500 cursu
1088 1453 1316 1500 ablatum.
1344 1453 1471 1499 Idem
1496 1451 1586 1500 sibi

241 1531 454 1576 evenisse
479 1530 545 1576 ait
571 1531 731 1577 Caesar
766 1531 815 1576 in
850 1529 1160 1592 Ephemeride
1187 1528 1584 1592 quemadmodum

242 1606 427 1653 Servius
471 1607 723 1652 memoriae
768 1606 1014 1668 prodidit³.
1045 1607 1227 1652 Aeneas
1265 1605 1429 1653 dextra
1463 1604 1589 1652 nuda

236 1682 372 1746 Jubet
392 1698 417 1728 a
439 1681 574 1729 caede
597 1681 830 1729 abstinere
853 1700 865 1728 ε
890 1681 1015 1729 idem
1048 1684 1216 1729 Caesar
1247 1681 1511 1729 Pharsalico
1539 1682 1587 1728 in

245 1758 465 1805 conflictu
492 1766 632 1820 atque
653 1757 746 1804 illis
772 1757 923 1805 verbis
953 1777 962 1802 ε
993 1778 1013 1800 «
1040 1759 1216 1821 parcite
1238 1757 1424 1805 civibus
1447 1774 1490 1816 »3
1519 1758 1588 1805 sic
1627 1753 1636 1759 ’

303 1915 333 1949 1.
367 1909 555 1959 Daunou,
581 1911 678 1949 Hist.
698 1911 890 1950 surl’e'cat
912 1911 977 1949 des
999 1911 1126 1950 lettres
1147 1922 1202 1950 au
1221 1917 1316 1950 xm
1337 1922 1389 1960 s.‚
1409 1923 1450 1964 p.
1477 1914 1587 1950 249:

244 1971 306 2008 Au
334 1974 501 2030 rapport
526 1966 773 2007 d’Helinand
806 1973 846 2007 et
874 1966 922 2007 de
946 1967 1113 2008 Gervais
1143 1967 1192 2008 de
1219 1967 1406 2022 Tilbury‚
1432 1967 1590 2022 Virgile

243 2026 398 2080 passait
426 2039 530 2080 pour
562 2039 619 2065 un
648 2024 777 2077 grand
805 2028 950 2066 maitre
969 2039 1019 2065 en
1047 2025 1180 2090 magie
1203 2039 1254 2066 ou
1277 2026 1519 2076 sorcellerie,
1550 2032 1591 2067 et

244 2099 271 2124 n
275 2084 392 2125 avait
413 2097 486 2138 pas
510 2083 547 2124 d'
552 2090 666 2124 autre
690 2084 917 2138 reputation
941 2084 1073 2139 parmi
1092 2083 1152 2125 les
1174 2083 1316 2138 clercs,
1328 2085 1383 2124 du
1402 2084 1536 2125 moins
1554 2083 1590 2124 si

242 2143 268 2183 l'
273 2157 324 2184 on
349 2156 398 2183 en
416 2150 576 2197 excepte
596 2142 633 2182 le
650 2143 752 2197 petit
768 2142 937 2183 nombre
953 2142 1002 2182 de
1017 2156 1114 2183 ceux
1133 2141 1206 2198 qui
1225 2118 1382 2184 avaient
1401 2143 1590 2184 conserve

244 2202 418 2256 quelque
439 2204 537 2255 gont
560 2215 610 2241 ou
634 2201 810 2255 quelque
843 2201 1032 2242 souvenir
1066 2200 1137 2242 des
1166 2200 1322 2242 bonnes
1343 2201 1501 2243 etudes.
1526 2200 1587 2242 Cf.

244 2260 506 2315 Comparetti,
546 2263 706 2312 Virgilio
727 2262 789 2301 nel
817 2262 946 2301 medio
977 2273 1064 2312 evo,
1091 2267 1207 2314 parte
1235 2260 1429 2313 seconda‚
1454 2274 1495 2315 p.
1523 2265 1589 2312 82,

244 2333 284 2360 se
323 2351 329 2359 .

290 2334 335 2418 (ξι.
371 2381 471 2419 Ροεε.
499 2378 574 2429 ΙΙΙ,
600 2391 635 2419 c.
661 2382 725 2418 26.

299 2443 334 2477 3.
367 2439 426 2477 Ad
456 2440 548 2478 Am.
574 2437 646 2487 XI,
676 2440 818 2477 743....
846 2436 977 2486 Quam
1007 2450 1101 2476 vero
1127 2435 1281 2490 dispari
1307 2436 1415 2477 exitu
1447 2435 1592 2478 Caesar

247 2505 281 2535 et
309 2495 510 2536 Yssnulus!
535 2496 610 2535 Vix
635 2494 754 2534 fidem
770 2493 922 2534 faciunt
945 2493 1122 2543 Scaliger
1138 2502 1175 2534 et
1197 2495 1360 2536 Servius
1383 2495 1487 2536 hanc
1503 2508 1590 2536 rem

245 2556 294 2594 ai)
321 2554 490 2595 'nisioria
513 2556 695 2594 Romana
714 2553 974 2607 potissimum
999 2553 1159 2593 ductam
1180 2554 1322 2606 fuisse,
1336 2568 1463 2609 quum
1480 2555 1592 2608 ejus-

246 2613 356 2653 modi
377 2613 429 2653 sit
452 2620 493 2652 ut
519 2613 680 2666 saepius
704 2619 786 2652 tota
801 2611 1046 2665 antiquitate
1069 2613 1229 2653 evenire
1250 2612 1441 2667 potuerit.
