<?xml version="1.0" encoding="UTF-8"?>
<!DOCTYPE html PUBLIC "-//W3C//DTD XHTML 1.0 Transitional//EN"
    "http://www.w3.org/TR/xhtml1/DTD/xhtml1-transitional.dtd">
<html xmlns="http://www.w3.org/1999/xhtml" xml:lang="en" lang="en">
 <head>
  <title>
</title>
<meta http-equiv="Content-Type" content="text/html;charset=utf-8" />
  <meta name='ocr-system' content='tesseract 3.04.00' />
  <meta name='ocr-capabilities' content='ocr_page ocr_carea ocr_par ocr_line ocrx_word'/>
</head>
<body>
  <div class='ocr_page' id='page_1' title='image "./demorumindoleinv00bouguoft_0093.png"; bbox 0 0 1758 2903; ppageno 0'>
   <div class='ocr_carea' id='block_1_1' title="bbox 591 135 803 170">
    <p class='ocr_par' dir='ltr' id='par_1_1' title="bbox 591 135 803 170">
     <span class='ocr_line' id='line_1_1' title="bbox 591 135 803 170; baseline 0 -10"><span class='ocrx_word' id='word_1_1' title='bbox 591 135 803 170; x_wconf 80' lang='lat'><strong>-77-</strong></span> 
     </span>
    </p>
   </div>
   <div class='ocr_carea' id='block_1_2' title="bbox 153 208 1262 401">
    <p class='ocr_par' dir='ltr' id='par_1_2' title="bbox 153 208 1262 401">
     <span class='ocr_line' id='line_1_2' title="bbox 155 208 1178 271; baseline 0 -13"><span class='ocrx_word' id='word_1_2' title='bbox 155 208 426 271; x_wconf 84' lang='lat' dir='ltr'>Tritonesque</span> <span class='ocrx_word' id='word_1_3' title='bbox 450 216 520 257; x_wconf 91' lang='lat' dir='ltr'>citi</span> <span class='ocrx_word' id='word_1_4' title='bbox 538 216 764 271; x_wconf 82' lang='lat' dir='ltr'>Phorcique</span> <span class='ocrx_word' id='word_1_5' title='bbox 787 216 985 257; x_wconf 80' lang='lat' dir='ltr'>exercitus</span> <span class='ocrx_word' id='word_1_6' title='bbox 1014 217 1146 258; x_wconf 92' lang='lat' dir='ltr'>omnis</span> <span class='ocrx_word' id='word_1_7' title='bbox 1167 230 1178 258; x_wconf 90' lang='lat'>:</span> 
     </span>
     <span class='ocr_line' id='line_1_3' title="bbox 153 280 1262 337; baseline 0 -14"><span class='ocrx_word' id='word_1_8' title='bbox 153 284 285 323; x_wconf 86' lang='lat' dir='ltr'>Laeva</span> <span class='ocrx_word' id='word_1_9' title='bbox 301 287 440 321; x_wconf 86' lang='lat' dir='ltr'>tenent</span> <span class='ocrx_word' id='word_1_10' title='bbox 456 280 599 321; x_wconf 86' lang='lat' dir='ltr'>Thetis</span> <span class='ocrx_word' id='word_1_11' title='bbox 623 287 662 322; x_wconf 88' lang='lat' dir='ltr'>et</span> <span class='ocrx_word' id='word_1_12' title='bbox 682 281 826 322; x_wconf 88' lang='lat' dir='ltr'>Melite</span> <span class='ocrx_word' id='word_1_13' title='bbox 845 282 1113 337; x_wconf 82' lang='lat' dir='ltr'>Panopeaque</span> <span class='ocrx_word' id='word_1_14' title='bbox 1132 281 1262 337; x_wconf 84' lang='lat' dir='ltr'>virgo,</span> 
     </span>
     <span class='ocr_line' id='line_1_4' title="bbox 153 345 1124 401; baseline 0 -13"><span class='ocrx_word' id='word_1_15' title='bbox 153 347 307 388; x_wconf 88' lang='lat' dir='ltr'>Nesaee</span> <span class='ocrx_word' id='word_1_16' title='bbox 327 345 507 400; x_wconf 82' lang='lat' dir='ltr'>Spioque</span> <span class='ocrx_word' id='word_1_17' title='bbox 527 345 752 400; x_wconf 80' lang='lat' dir='ltr'>Thaliaque</span> <span class='ocrx_word' id='word_1_18' title='bbox 777 345 1081 401; x_wconf 82' lang='lat' dir='ltr'>Cymodoceque</span> <span class='ocrx_word' id='word_1_19' title='bbox 1094 348 1124 389; x_wconf 78' lang='lat'>¹.</span> 
     </span>
    </p>
   </div>
   <div class='ocr_carea' id='block_1_3' title="bbox 0 130 18 1935">
    <p class='ocr_par' dir='ltr' id='par_1_3' title="bbox 0 130 18 1935">
     <span class='ocr_line' id='line_1_5' title="bbox 0 130 10 688; baseline 0 -74"><span class='ocrx_word' id='word_1_20' title='bbox 0 130 10 688; x_wconf 95' lang='lat' dir='ltr'>   </span> 
     </span>
     <span class='ocr_line' id='line_1_6' title="bbox 0 688 11 840; baseline 0 0"><span class='ocrx_word' id='word_1_21' title='bbox 0 688 11 840; x_wconf 95' lang='lat' dir='ltr'>  </span> 
     </span>
     <span class='ocr_line' id='line_1_7' title="bbox 0 840 12 994; baseline 0 0"><span class='ocrx_word' id='word_1_22' title='bbox 0 840 12 994; x_wconf 95' lang='lat' dir='ltr'>  </span> 
     </span>
     <span class='ocr_line' id='line_1_8' title="bbox 0 994 13 1070; baseline 0 1833"><span class='ocrx_word' id='word_1_23' title='bbox 0 994 13 1070; x_wconf 95' lang='lat' dir='ltr'> </span> 
     </span>
     <span class='ocr_line' id='line_1_9' title="bbox 0 1070 15 1300; baseline 0 -79"><span class='ocrx_word' id='word_1_24' title='bbox 0 1070 15 1300; x_wconf 95' lang='lat' dir='ltr'>   </span> 
     </span>
     <span class='ocr_line' id='line_1_10' title="bbox 0 1300 16 1606; baseline 0 -76"><span class='ocrx_word' id='word_1_25' title='bbox 0 1300 16 1606; x_wconf 95' lang='lat' dir='ltr'>    </span> 
     </span>
     <span class='ocr_line' id='line_1_11' title="bbox 0 1641 18 1935; baseline 0 -23"><span class='ocrx_word' id='word_1_26' title='bbox 0 1641 18 1935; x_wconf 95' lang='lat' dir='ltr'>     </span> 
     </span>
    </p>
   </div>
   <div class='ocr_carea' id='block_1_4' title="bbox 16 441 1373 2035">
    <p class='ocr_par' dir='ltr' id='par_1_4' title="bbox 16 441 1373 1881">
     <span class='ocr_line' id='line_1_12' title="bbox 84 441 1369 505; baseline 0.002 -17"><span class='ocrx_word' id='word_1_27' title='bbox 84 443 262 505; x_wconf 88' lang='lat' dir='ltr'>Nempe</span> <span class='ocrx_word' id='word_1_28' title='bbox 288 441 494 489; x_wconf 87' lang='lat' dir='ltr'>solebant</span> <span class='ocrx_word' id='word_1_29' title='bbox 520 442 718 489; x_wconf 85' lang='lat' dir='ltr'>artifices</span> <span class='ocrx_word' id='word_1_30' title='bbox 744 444 955 505; x_wconf 87' lang='lat' dir='ltr'>Neptuno</span> <span class='ocrx_word' id='word_1_31' title='bbox 988 441 1108 489; x_wconf 86' lang='lat' dir='ltr'>hanc</span> <span class='ocrx_word' id='word_1_32' title='bbox 1142 443 1369 490; x_wconf 88' lang='lat' dir='ltr'>comitum</span> 
     </span>
     <span class='ocr_line' id='line_1_13' title="bbox 19 517 1371 582; baseline 0.002 -18"><span class='ocrx_word' id='word_1_33' title='bbox 19 533 241 582; x_wconf 84' lang='lat' dir='ltr'>pompam</span> <span class='ocrx_word' id='word_1_34' title='bbox 268 533 321 564; x_wconf 89' lang='lat' dir='ltr'>ac</span> <span class='ocrx_word' id='word_1_35' title='bbox 347 517 695 565; x_wconf 80' lang='lat' dir='ltr'>multitudinem</span> <span class='ocrx_word' id='word_1_36' title='bbox 724 518 987 581; x_wconf 85' lang='lat' dir='ltr'>assignare,</span> <span class='ocrx_word' id='word_1_37' title='bbox 1021 526 1072 565; x_wconf 89' lang='lat' dir='ltr'>ut</span> <span class='ocrx_word' id='word_1_38' title='bbox 1100 526 1293 582; x_wconf 77' lang='lat' dir='ltr'>apparet</span> <span class='ocrx_word' id='word_1_39' title='bbox 1325 527 1371 567; x_wconf 89' lang='lat' dir='ltr'>et</span> 
     </span>
     <span class='ocr_line' id='line_1_14' title="bbox 20 591 1370 656; baseline 0.001 -16"><span class='ocrx_word' id='word_1_40' title='bbox 20 608 76 640; x_wconf 84' lang='lat' dir='ltr'>ex</span> <span class='ocrx_word' id='word_1_41' title='bbox 97 591 258 639; x_wconf 89' lang='lat' dir='ltr'>multis</span> <span class='ocrx_word' id='word_1_42' title='bbox 287 593 603 640; x_wconf 81' lang='lat' dir='ltr'>monumentis</span> <span class='ocrx_word' id='word_1_43' title='bbox 630 593 687 640; x_wconf 87' lang='lat' dir='ltr'>ad</span> <span class='ocrx_word' id='word_1_44' title='bbox 713 609 799 640; x_wconf 91' lang='lat' dir='ltr'>nos</span> <span class='ocrx_word' id='word_1_45' title='bbox 826 609 976 656; x_wconf 89' lang='lat' dir='ltr'>usque</span> <span class='ocrx_word' id='word_1_46' title='bbox 998 594 1216 653; x_wconf 88' lang='lat' dir='ltr'>servatis,</span> <span class='ocrx_word' id='word_1_47' title='bbox 1245 602 1288 641; x_wconf 91' lang='lat' dir='ltr'>et</span> <span class='ocrx_word' id='word_1_48' title='bbox 1313 610 1370 642; x_wconf 80' lang='lat' dir='ltr'>ex</span> 
     </span>
     <span class='ocr_line' id='line_1_15' title="bbox 19 668 1368 734; baseline 0.001 -18"><span class='ocrx_word' id='word_1_49' title='bbox 19 684 155 732; x_wconf 86' lang='lat' dir='ltr'>opere</span> <span class='ocrx_word' id='word_1_50' title='bbox 176 668 256 716; x_wconf 92' lang='lat' dir='ltr'>illo</span> <span class='ocrx_word' id='word_1_51' title='bbox 276 670 514 733; x_wconf 86' lang='lat' dir='ltr'>praeclaro</span> <span class='ocrx_word' id='word_1_52' title='bbox 533 669 658 734; x_wconf 90' lang='lat' dir='ltr'>apud</span> <span class='ocrx_word' id='word_1_53' title='bbox 676 669 881 717; x_wconf 84' lang='lat' dir='ltr'>Plinium</span> <span class='ocrx_word' id='word_1_54' title='bbox 899 669 1130 733; x_wconf 83' lang='lat' dir='ltr'>descripto</span> <span class='ocrx_word' id='word_1_55' title='bbox 1144 672 1157 694; x_wconf 78' lang='lat'><strong>²</strong></span> <span class='ocrx_word' id='word_1_56' title='bbox 1168 687 1182 730; x_wconf 79' lang='lat'>3</span> <span class='ocrx_word' id='word_1_57' title='bbox 1205 671 1253 717; x_wconf 93' lang='lat' dir='ltr'>in</span> <span class='ocrx_word' id='word_1_58' title='bbox 1273 687 1368 734; x_wconf 88' lang='lat' dir='ltr'>quo</span> 
     </span>
     <span class='ocr_line' id='line_1_16' title="bbox 21 743 1369 808; baseline 0.001 -17"><span class='ocrx_word' id='word_1_59' title='bbox 21 761 115 792; x_wconf 88' lang='lat' dir='ltr'>non</span> <span class='ocrx_word' id='word_1_60' title='bbox 135 744 290 792; x_wconf 90' lang='lat' dir='ltr'>solum</span> <span class='ocrx_word' id='word_1_61' title='bbox 314 745 466 792; x_wconf 88' lang='lat' dir='ltr'>Thetis</span> <span class='ocrx_word' id='word_1_62' title='bbox 491 752 536 791; x_wconf 91' lang='lat' dir='ltr'>et</span> <span class='ocrx_word' id='word_1_63' title='bbox 560 743 765 791; x_wconf 87' lang='lat' dir='ltr'>Achilles</span> <span class='ocrx_word' id='word_1_64' title='bbox 789 760 907 807; x_wconf 86' lang='lat' dir='ltr'>quos</span> <span class='ocrx_word' id='word_1_65' title='bbox 932 744 1155 808; x_wconf 81' lang='lat' dir='ltr'>Virgilius</span> <span class='ocrx_word' id='word_1_66' title='bbox 1177 760 1201 791; x_wconf 90' lang='lat' dir='ltr'>e</span> <span class='ocrx_word' id='word_1_67' title='bbox 1221 746 1369 792; x_wconf 85' lang='lat' dir='ltr'>comi-</span> 
     </span>
     <span class='ocr_line' id='line_1_17' title="bbox 18 819 1370 884; baseline 0.001 -16"><span class='ocrx_word' id='word_1_68' title='bbox 18 821 306 869; x_wconf 85' lang='lat' dir='ltr'>tatudebuit</span> <span class='ocrx_word' id='word_1_69' title='bbox 323 821 584 879; x_wconf 82' lang='lat' dir='ltr'>excludere,</span> <span class='ocrx_word' id='word_1_70' title='bbox 605 819 683 866; x_wconf 90' lang='lat' dir='ltr'>sed</span> <span class='ocrx_word' id='word_1_71' title='bbox 703 819 922 867; x_wconf 86' lang='lat' dir='ltr'>Nereides</span> <span class='ocrx_word' id='word_1_72' title='bbox 947 837 1091 883; x_wconf 86' lang='lat' dir='ltr'>supra</span> <span class='ocrx_word' id='word_1_73' title='bbox 1117 821 1370 884; x_wconf 90' lang='lat' dir='ltr'>Delphinos</span> 
     </span>
     <span class='ocr_line' id='line_1_18' title="bbox 19 897 1370 962; baseline 0 -17"><span class='ocrx_word' id='word_1_74' title='bbox 19 909 63 946; x_wconf 85' lang='lat' dir='ltr'>et</span> <span class='ocrx_word' id='word_1_75' title='bbox 99 907 194 945; x_wconf 88' lang='lat' dir='ltr'>cete</span> <span class='ocrx_word' id='word_1_76' title='bbox 231 905 312 945; x_wconf 88' lang='lat' dir='ltr'>aut</span> <span class='ocrx_word' id='word_1_77' title='bbox 348 897 689 961; x_wconf 80' lang='lat' dir='ltr'>hippocampos</span> <span class='ocrx_word' id='word_1_78' title='bbox 729 897 966 962; x_wconf 86' lang='lat' dir='ltr'>sedentes,</span> <span class='ocrx_word' id='word_1_79' title='bbox 1011 898 1120 944; x_wconf 92' lang='lat' dir='ltr'>item</span> <span class='ocrx_word' id='word_1_80' title='bbox 1157 899 1370 945; x_wconf 82' lang='lat' dir='ltr'>Tritones</span> 
     </span>
     <span class='ocr_line' id='line_1_19' title="bbox 18 973 1372 1038; baseline -0.001 -15"><span class='ocrx_word' id='word_1_81' title='bbox 18 976 285 1038; x_wconf 74' lang='lat' dir='ltr'>chorusque</span> <span class='ocrx_word' id='word_1_82' title='bbox 318 975 482 1023; x_wconf 88' lang='lat' dir='ltr'>Phorci</span> <span class='ocrx_word' id='word_1_83' title='bbox 508 983 551 1021; x_wconf 85' lang='lat' dir='ltr'>et</span> <span class='ocrx_word' id='word_1_84' title='bbox 574 975 788 1038; x_wconf 83' lang='lat' dir='ltr'>pistrices</span> <span class='ocrx_word' id='word_1_85' title='bbox 813 990 867 1021; x_wconf 87' lang='lat' dir='ltr'>ac</span> <span class='ocrx_word' id='word_1_86' title='bbox 895 974 1038 1021; x_wconf 88' lang='lat' dir='ltr'>multa</span> <span class='ocrx_word' id='word_1_87' title='bbox 1073 973 1161 1021; x_wconf 83' lang='lat' dir='ltr'>alia</span> <span class='ocrx_word' id='word_1_88' title='bbox 1191 976 1372 1022; x_wconf 84' lang='lat' dir='ltr'>marina</span> 
     </span>
     <span class='ocr_line' id='line_1_20' title="bbox 19 1050 1371 1116; baseline -0.001 -16"><span class='ocrx_word' id='word_1_89' title='bbox 19 1053 157 1100; x_wconf 89' lang='lat' dir='ltr'>deum</span> <span class='ocrx_word' id='word_1_90' title='bbox 173 1050 716 1116; x_wconf 83' lang='lat' dir='ltr'>prosequebantur.Quid</span> <span class='ocrx_word' id='word_1_91' title='bbox 727 1051 1134 1114; x_wconf 84' lang='lat' dir='ltr'>quodHomericus</span> <span class='ocrx_word' id='word_1_92' title='bbox 1144 1051 1371 1099; x_wconf 89' lang='lat' dir='ltr'>Poseidon</span> 
     </span>
     <span class='ocr_line' id='line_1_21' title="bbox 18 1127 1373 1190; baseline 0.001 -15"><span class='ocrx_word' id='word_1_93' title='bbox 18 1128 364 1176; x_wconf 81' lang='lat' dir='ltr'>vehementiam</span> <span class='ocrx_word' id='word_1_94' title='bbox 392 1127 647 1190; x_wconf 87' lang='lat' dir='ltr'>quamdam</span> <span class='ocrx_word' id='word_1_95' title='bbox 671 1145 724 1175; x_wconf 89' lang='lat' dir='ltr'>ac</span> <span class='ocrx_word' id='word_1_96' title='bbox 746 1128 964 1175; x_wconf 83' lang='lat' dir='ltr'>ferociam</span> <span class='ocrx_word' id='word_1_97' title='bbox 990 1127 1165 1174; x_wconf 84' lang='lat' dir='ltr'>indolis</span> <span class='ocrx_word' id='word_1_98' title='bbox 1188 1127 1373 1176; x_wconf 83' lang='lat' dir='ltr'>videtur</span> 
     </span>
     <span class='ocr_line' id='line_1_22' title="bbox 18 1204 1372 1268; baseline 0.001 -18"><span class='ocrx_word' id='word_1_99' title='bbox 18 1220 126 1268; x_wconf 85' lang='lat' dir='ltr'>prae</span> <span class='ocrx_word' id='word_1_100' title='bbox 149 1222 197 1250; x_wconf 81' lang='lat' dir='ltr'>se</span> <span class='ocrx_word' id='word_1_101' title='bbox 223 1204 363 1259; x_wconf 79' lang='lat' dir='ltr'>ferre,</span> <span class='ocrx_word' id='word_1_102' title='bbox 385 1204 511 1267; x_wconf 87' lang='lat' dir='ltr'>quod</span> <span class='ocrx_word' id='word_1_103' title='bbox 532 1205 572 1252; x_wconf 85' lang='lat' dir='ltr'>ei</span> <span class='ocrx_word' id='word_1_104' title='bbox 603 1214 774 1266; x_wconf 70' lang='lat' dir='ltr'>partes,</span> <span class='ocrx_word' id='word_1_105' title='bbox 799 1221 888 1251; x_wconf 85' lang='lat' dir='ltr'>non</span> <span class='ocrx_word' id='word_1_106' title='bbox 918 1204 1297 1251; x_wconf 84' lang='lat' dir='ltr'>mansuetudinis</span> <span class='ocrx_word' id='word_1_107' title='bbox 1320 1221 1372 1252; x_wconf 90' lang='lat' dir='ltr'>ac</span> 
     </span>
     <span class='ocr_line' id='line_1_23' title="bbox 16 1279 1372 1344; baseline 0 -16"><span class='ocrx_word' id='word_1_108' title='bbox 16 1282 163 1344; x_wconf 81' lang='lat' dir='ltr'>pacis,</span> <span class='ocrx_word' id='word_1_109' title='bbox 183 1280 263 1327; x_wconf 88' lang='lat' dir='ltr'>sed</span> <span class='ocrx_word' id='word_1_110' title='bbox 290 1282 506 1328; x_wconf 83' lang='lat' dir='ltr'>saevitiae</span> <span class='ocrx_word' id='word_1_111' title='bbox 532 1297 584 1327; x_wconf 85' lang='lat' dir='ltr'>ac</span> <span class='ocrx_word' id='word_1_112' title='bbox 604 1281 848 1327; x_wconf 79' lang='lat' dir='ltr'>turbarum</span> <span class='ocrx_word' id='word_1_113' title='bbox 876 1279 1178 1337; x_wconf 76' lang='lat' dir='ltr'>mandantur,</span> <span class='ocrx_word' id='word_1_114' title='bbox 1202 1284 1372 1344; x_wconf 88' lang='lat' dir='ltr'>Neptu-</span> 
     </span>
     <span class='ocr_line' id='line_1_24' title="bbox 18 1357 1372 1422; baseline 0 -18"><span class='ocrx_word' id='word_1_115' title='bbox 18 1373 109 1405; x_wconf 90' lang='lat' dir='ltr'>nus</span> <span class='ocrx_word' id='word_1_116' title='bbox 132 1365 286 1404; x_wconf 82' lang='lat' dir='ltr'>autem</span> <span class='ocrx_word' id='word_1_117' title='bbox 305 1357 431 1421; x_wconf 86' lang='lat' dir='ltr'>apud</span> <span class='ocrx_word' id='word_1_118' title='bbox 443 1357 692 1422; x_wconf 87' lang='lat' dir='ltr'>Virgilium</span> <span class='ocrx_word' id='word_1_119' title='bbox 715 1378 735 1400; x_wconf 73' lang='lat' dir='ltr'>tc</span> <span class='ocrx_word' id='word_1_120' title='bbox 754 1357 995 1421; x_wconf 83' lang='lat' dir='ltr'>placidum</span> <span class='ocrx_word' id='word_1_121' title='bbox 1012 1359 1174 1421; x_wconf 80' lang='lat' dir='ltr'>caput³</span> <span class='ocrx_word' id='word_1_122' title='bbox 1188 1374 1372 1420; x_wconf 86' lang='lat' dir='ltr'>»supra</span> 
     </span>
     <span class='ocr_line' id='line_1_25' title="bbox 17 1433 1370 1498; baseline -0.001 -16"><span class='ocrx_word' id='word_1_123' title='bbox 17 1434 187 1482; x_wconf 85' lang='lat' dir='ltr'>fluctus</span> <span class='ocrx_word' id='word_1_124' title='bbox 210 1434 382 1498; x_wconf 87' lang='lat' dir='ltr'>erigere</span> <span class='ocrx_word' id='word_1_125' title='bbox 404 1433 610 1482; x_wconf 80' lang='lat' dir='ltr'>dicitur?</span> <span class='ocrx_word' id='word_1_126' title='bbox 636 1437 737 1481; x_wconf 89' lang='lat' dir='ltr'>Non</span> <span class='ocrx_word' id='word_1_127' title='bbox 759 1433 894 1481; x_wconf 90' lang='lat' dir='ltr'>valde</span> <span class='ocrx_word' id='word_1_128' title='bbox 920 1433 1112 1498; x_wconf 89' lang='lat' dir='ltr'>quidem</span> <span class='ocrx_word' id='word_1_129' title='bbox 1137 1450 1246 1481; x_wconf 91' lang='lat' dir='ltr'>eum</span> <span class='ocrx_word' id='word_1_130' title='bbox 1270 1434 1370 1481; x_wconf 86' lang='lat' dir='ltr'>falli</span> 
     </span>
     <span class='ocr_line' id='line_1_26' title="bbox 17 1509 1370 1574; baseline 0 -16"><span class='ocrx_word' id='word_1_131' title='bbox 17 1518 129 1574; x_wconf 87' lang='lat' dir='ltr'>pute</span> <span class='ocrx_word' id='word_1_132' title='bbox 151 1530 175 1555; x_wconf 77' lang='lat' dir='ltr'>n</span> <span class='ocrx_word' id='word_1_133' title='bbox 199 1511 280 1574; x_wconf 89' lang='lat' dir='ltr'>qui</span> <span class='ocrx_word' id='word_1_134' title='bbox 305 1509 556 1558; x_wconf 84' lang='lat' dir='ltr'>contendat</span> <span class='ocrx_word' id='word_1_135' title='bbox 574 1510 704 1558; x_wconf 87' lang='lat' dir='ltr'>illam</span> <span class='ocrx_word' id='word_1_136' title='bbox 723 1510 883 1558; x_wconf 86' lang='lat' dir='ltr'>vultus</span> <span class='ocrx_word' id='word_1_137' title='bbox 911 1509 1062 1558; x_wconf 90' lang='lat' dir='ltr'>sedati</span> <span class='ocrx_word' id='word_1_138' title='bbox 1089 1511 1291 1574; x_wconf 75' lang='lat' dir='ltr'>speciem</span> <span class='ocrx_word' id='word_1_139' title='bbox 1312 1511 1370 1558; x_wconf 86' lang='lat' dir='ltr'>ab</span> 
     </span>
     <span class='ocr_line' id='line_1_27' title="bbox 48 1587 1372 1652; baseline 0.002 -18"><span class='ocrx_word' id='word_1_140' title='bbox 48 1589 130 1635; x_wconf 90' lang='lat' dir='ltr'>rtis</span> <span class='ocrx_word' id='word_1_141' title='bbox 155 1587 375 1650; x_wconf 86' lang='lat' dir='ltr'>operibus</span> <span class='ocrx_word' id='word_1_142' title='bbox 400 1588 595 1651; x_wconf 87' lang='lat' dir='ltr'>petitam</span> <span class='ocrx_word' id='word_1_143' title='bbox 619 1604 738 1647; x_wconf 86' lang='lat' dir='ltr'>esse,</span> <span class='ocrx_word' id='word_1_144' title='bbox 767 1605 915 1652; x_wconf 89' lang='lat' dir='ltr'>quum</span> <span class='ocrx_word' id='word_1_145' title='bbox 936 1589 1138 1636; x_wconf 81' lang='lat' dir='ltr'>sciamus</span> <span class='ocrx_word' id='word_1_146' title='bbox 1164 1604 1372 1644; x_wconf 89' lang='lat' dir='ltr'>commu-</span> 
     </span>
     <span class='ocr_line' id='line_1_28' title="bbox 19 1665 1372 1713; baseline 0.001 -2"><span class='ocrx_word' id='word_1_147' title='bbox 19 1680 127 1712; x_wconf 89' lang='lat' dir='ltr'>nem</span> <span class='ocrx_word' id='word_1_148' title='bbox 151 1665 277 1712; x_wconf 92' lang='lat' dir='ltr'>hunc</span> <span class='ocrx_word' id='word_1_149' title='bbox 301 1681 402 1712; x_wconf 88' lang='lat' dir='ltr'>esse</span> <span class='ocrx_word' id='word_1_150' title='bbox 422 1665 664 1712; x_wconf 89' lang='lat' dir='ltr'>artificum</span> <span class='ocrx_word' id='word_1_151' title='bbox 690 1675 901 1712; x_wconf 80' lang='lat' dir='ltr'>veterum</span> <span class='ocrx_word' id='word_1_152' title='bbox 919 1665 1302 1713; x_wconf 86' lang='lat' dir='ltr'>consuetudinem</span> <span class='ocrx_word' id='word_1_153' title='bbox 1321 1675 1372 1713; x_wconf 90' lang='lat' dir='ltr'>ut</span> 
     </span>
     <span class='ocr_line' id='line_1_29' title="bbox 18 1741 1371 1807; baseline 0.001 -19"><span class='ocrx_word' id='word_1_154' title='bbox 18 1741 423 1805; x_wconf 85' lang='lat' dir='ltr'>pulchritudinem</span> <span class='ocrx_word' id='word_1_155' title='bbox 442 1742 540 1788; x_wconf 90' lang='lat' dir='ltr'>oris</span> <span class='ocrx_word' id='word_1_156' title='bbox 560 1743 793 1805; x_wconf 75' lang='lat' dir='ltr'>integram</span> <span class='ocrx_word' id='word_1_157' title='bbox 814 1758 999 1789; x_wconf 80' lang='lat' dir='ltr'>servare</span> <span class='ocrx_word' id='word_1_158' title='bbox 1018 1741 1211 1790; x_wconf 81' lang='lat' dir='ltr'>mallent</span> <span class='ocrx_word' id='word_1_159' title='bbox 1228 1758 1371 1807; x_wconf 86' lang='lat' dir='ltr'>quam</span> 
     </span>
     <span class='ocr_line' id='line_1_30' title="bbox 17 1818 873 1881; baseline 0.001 -17"><span class='ocrx_word' id='word_1_160' title='bbox 17 1818 393 1881; x_wconf 82' lang='lat' dir='ltr'>perturbationes</span> <span class='ocrx_word' id='word_1_161' title='bbox 420 1819 564 1864; x_wconf 85' lang='lat' dir='ltr'>animi</span> <span class='ocrx_word' id='word_1_162' title='bbox 593 1819 873 1880; x_wconf 80' lang='lat' dir='ltr'>exprimere.</span> 
     </span>
    </p>

    <p class='ocr_par' dir='ltr' id='par_1_5' title="bbox 19 1893 1370 2035">
     <span class='ocr_line' id='line_1_31' title="bbox 82 1893 1370 1958; baseline 0.003 -17"><span class='ocrx_word' id='word_1_163' title='bbox 82 1895 175 1941; x_wconf 90' lang='lat' dir='ltr'>Nec</span> <span class='ocrx_word' id='word_1_164' title='bbox 196 1893 254 1941; x_wconf 87' lang='lat' dir='ltr'>ab</span> <span class='ocrx_word' id='word_1_165' title='bbox 278 1894 366 1941; x_wconf 88' lang='lat' dir='ltr'>hoc</span> <span class='ocrx_word' id='word_1_166' title='bbox 393 1894 490 1941; x_wconf 93' lang='lat' dir='ltr'>loco</span> <span class='ocrx_word' id='word_1_167' title='bbox 511 1894 718 1942; x_wconf 85' lang='lat' dir='ltr'>alienum</span> <span class='ocrx_word' id='word_1_168' title='bbox 741 1904 811 1941; x_wconf 90' lang='lat' dir='ltr'>est</span> <span class='ocrx_word' id='word_1_169' title='bbox 831 1894 983 1958; x_wconf 88' lang='lat' dir='ltr'>qualis</span> <span class='ocrx_word' id='word_1_170' title='bbox 1013 1895 1070 1942; x_wconf 81' lang='lat' dir='ltr'>sit</span> <span class='ocrx_word' id='word_1_171' title='bbox 1096 1896 1263 1944; x_wconf 77' lang='lat' dir='ltr'>Tiberis</span> <span class='ocrx_word' id='word_1_172' title='bbox 1283 1897 1370 1945; x_wconf 87' lang='lat' dir='ltr'>ha-</span> 
     </span>
     <span class='ocr_line' id='line_1_32' title="bbox 19 1968 992 2035; baseline 0.001 -18"><span class='ocrx_word' id='word_1_173' title='bbox 19 1968 145 2017; x_wconf 81' lang='lat' dir='ltr'>bitus</span> <span class='ocrx_word' id='word_1_174' title='bbox 171 1971 295 2033; x_wconf 87' lang='lat' dir='ltr'>apud</span> <span class='ocrx_word' id='word_1_175' title='bbox 320 1971 566 2035; x_wconf 83' lang='lat' dir='ltr'>Virgilium</span> <span class='ocrx_word' id='word_1_176' title='bbox 589 1987 954 2018; x_wconf 86' lang='lat' dir='ltr'>commemorare</span> <span class='ocrx_word' id='word_1_177' title='bbox 981 1987 992 2018; x_wconf 79' lang='lat' dir='ltr'><strong><em>z</em></strong></span> 
     </span>
    </p>
   </div>
   <div class='ocr_carea' id='block_1_5' title="bbox 125 2071 1154 2192">
    <p class='ocr_par' dir='ltr' id='par_1_6' title="bbox 125 2071 1154 2192">
     <span class='ocr_line' id='line_1_33' title="bbox 259 2071 1023 2125; baseline 0.004 -14"><span class='ocrx_word' id='word_1_178' title='bbox 259 2085 352 2111; x_wconf 86' lang='lat' dir='ltr'>eum</span> <span class='ocrx_word' id='word_1_179' title='bbox 372 2072 506 2112; x_wconf 86' lang='lat' dir='ltr'>tenuis</span> <span class='ocrx_word' id='word_1_180' title='bbox 530 2071 673 2125; x_wconf 86' lang='lat' dir='ltr'>glauco</span> <span class='ocrx_word' id='word_1_181' title='bbox 693 2072 853 2113; x_wconf 85' lang='lat' dir='ltr'>velabat</span> <span class='ocrx_word' id='word_1_182' title='bbox 871 2072 1023 2114; x_wconf 87' lang='lat' dir='ltr'>amictu</span> 
     </span>
     <span class='ocr_line' id='line_1_34' title="bbox 125 2136 1154 2192; baseline 0.003 -14"><span class='ocrx_word' id='word_1_183' title='bbox 125 2136 327 2178; x_wconf 87' lang='lat' dir='ltr'>Carbasus</span> <span class='ocrx_word' id='word_1_184' title='bbox 350 2143 389 2177; x_wconf 90' lang='lat' dir='ltr'>et</span> <span class='ocrx_word' id='word_1_185' title='bbox 412 2136 543 2178; x_wconf 87' lang='lat' dir='ltr'>crines</span> <span class='ocrx_word' id='word_1_186' title='bbox 561 2137 756 2179; x_wconf 84' lang='lat' dir='ltr'>umbrosa</span> <span class='ocrx_word' id='word_1_187' title='bbox 775 2138 940 2192; x_wconf 81' lang='lat' dir='ltr'>tegebat</span> <span class='ocrx_word' id='word_1_188' title='bbox 958 2139 1113 2181; x_wconf 85' lang='lat' dir='ltr'>arundo</span> <span class='ocrx_word' id='word_1_189' title='bbox 1125 2141 1154 2181; x_wconf 78' lang='lat'>⁶.</span> 
     </span>
    </p>
   </div>
   <div class='ocr_carea' id='block_1_6' title="bbox 22 2233 1370 2374">
    <p class='ocr_par' dir='ltr' id='par_1_7' title="bbox 22 2233 1370 2374">
     <span class='ocr_line' id='line_1_35' title="bbox 22 2233 1370 2299; baseline 0.001 -18"><span class='ocrx_word' id='word_1_190' title='bbox 22 2249 164 2297; x_wconf 82' lang='lat' dir='ltr'>quum</span> <span class='ocrx_word' id='word_1_191' title='bbox 201 2234 274 2280; x_wconf 90' lang='lat' dir='ltr'>dei</span> <span class='ocrx_word' id='word_1_192' title='bbox 311 2234 562 2297; x_wconf 86' lang='lat' dir='ltr'>imaginem</span> <span class='ocrx_word' id='word_1_193' title='bbox 600 2233 820 2281; x_wconf 87' lang='lat' dir='ltr'>omnibus</span> <span class='ocrx_word' id='word_1_194' title='bbox 862 2235 1076 2281; x_wconf 88' lang='lat' dir='ltr'>numeris</span> <span class='ocrx_word' id='word_1_195' title='bbox 1109 2250 1255 2299; x_wconf 87' lang='lat' dir='ltr'>paene</span> <span class='ocrx_word' id='word_1_196' title='bbox 1285 2234 1370 2282; x_wconf 86' lang='lat' dir='ltr'>ab-</span> 
     </span>
     <span class='ocr_line' id='line_1_36' title="bbox 47 2302 1206 2374; baseline 0.001 -16"><span class='ocrx_word' id='word_1_197' title='bbox 47 2310 221 2358; x_wconf 79' lang='lat' dir='ltr'>olutam</span> <span class='ocrx_word' id='word_1_198' title='bbox 246 2309 410 2370; x_wconf 81' lang='lat' dir='ltr'>habeS,</span> <span class='ocrx_word' id='word_1_199' title='bbox 433 2311 472 2357; x_wconf 90' lang='lat' dir='ltr'>si</span> <span class='ocrx_word' id='word_1_200' title='bbox 497 2302 661 2357; x_wconf 87' lang='lat' dir='ltr'>versus</span> <span class='ocrx_word' id='word_1_201' title='bbox 683 2327 871 2374; x_wconf 90' lang='lat' dir='ltr'>quoque</span> <span class='ocrx_word' id='word_1_202' title='bbox 898 2311 1169 2371; x_wconf 79' lang='lat' dir='ltr'>memineris</span> <span class='ocrx_word' id='word_1_203' title='bbox 1194 2327 1206 2359; x_wconf 72' lang='grc' dir='ltr'><strong><em>ε</em></strong></span> 
     </span>
    </p>
   </div>
   <div class='ocr_carea' id='block_1_7' title="bbox 129 2415 1263 2473">
    <p class='ocr_par' dir='ltr' id='par_1_8' title="bbox 129 2415 1263 2473">
     <span class='ocr_line' id='line_1_37' title="bbox 129 2415 1263 2473; baseline 0 -15"><span class='ocrx_word' id='word_1_204' title='bbox 129 2419 333 2469; x_wconf 72' lang='lat' dir='ltr'>Comiqer,</span> <span class='ocrx_word' id='word_1_205' title='bbox 353 2415 626 2471; x_wconf 88' lang='lat' dir='ltr'>Hesperidum</span> <span class='ocrx_word' id='word_1_206' title='bbox 652 2417 799 2458; x_wconf 89' lang='lat' dir='ltr'>fluvius</span> <span class='ocrx_word' id='word_1_207' title='bbox 819 2424 1009 2472; x_wconf 87' lang='lat' dir='ltr'>regnator</span> <span class='ocrx_word' id='word_1_208' title='bbox 1028 2420 1263 2473; x_wconf 82' lang='lat' dir='ltr'>aquarum⁵.</span> 
     </span>
    </p>
   </div>
   <div class='ocr_carea' id='block_1_8' title="bbox 77 2566 1188 2737">
    <p class='ocr_par' dir='ltr' id='par_1_9' title="bbox 77 2566 1188 2737">
     <span class='ocr_line' id='line_1_38' title="bbox 81 2566 431 2615; baseline 0.003 -9"><span class='ocrx_word' id='word_1_209' title='bbox 81 2571 114 2607; x_wconf 92' lang='lat' dir='ltr'>l.</span> <span class='ocrx_word' id='word_1_210' title='bbox 146 2568 240 2607; x_wconf 74' lang='lat' dir='ltr'>Aen.</span> <span class='ocrx_word' id='word_1_211' title='bbox 261 2566 312 2615; x_wconf 90' lang='lat' dir='ltr'>V,</span> <span class='ocrx_word' id='word_1_212' title='bbox 339 2571 431 2607; x_wconf 81' lang='lat'><strong>822.</strong></span> 
     </span>
     <span class='ocr_line' id='line_1_39' title="bbox 77 2626 527 2676; baseline -0.002 -10"><span class='ocrx_word' id='word_1_213' title='bbox 77 2631 115 2666; x_wconf 83' lang='lat'>2.</span> <span class='ocrx_word' id='word_1_214' title='bbox 148 2626 196 2666; x_wconf 85' lang='lat' dir='ltr'>H.</span> <span class='ocrx_word' id='word_1_215' title='bbox 220 2626 269 2666; x_wconf 85' lang='lat' dir='ltr'>N.</span> <span class='ocrx_word' id='word_1_216' title='bbox 293 2626 460 2676; x_wconf 80' lang='lat' dir='ltr'>XXXV,</span> <span class='ocrx_word' id='word_1_217' title='bbox 488 2631 527 2665; x_wconf 89' lang='lat'>5.</span> 
     </span>
     <span class='ocr_line' id='line_1_40' title="bbox 77 2684 1188 2737; baseline -0.002 -11"><span class='ocrx_word' id='word_1_218' title='bbox 77 2690 115 2726; x_wconf 92' lang='lat'>3.</span> <span class='ocrx_word' id='word_1_219' title='bbox 147 2686 241 2726; x_wconf 78' lang='lat' dir='ltr'>Aen.</span> <span class='ocrx_word' id='word_1_220' title='bbox 268 2685 301 2736; x_wconf 89' lang='grc' dir='ltr'>Ι,</span> <span class='ocrx_word' id='word_1_221' title='bbox 326 2690 414 2726; x_wconf 85' lang='lat'>127.</span> <span class='ocrx_word' id='word_1_222' title='bbox 443 2709 497 2716; x_wconf 92' lang='lat'><strong>—</strong></span> <span class='ocrx_word' id='word_1_223' title='bbox 524 2689 563 2726; x_wconf 76' lang='lat'>4.</span> <span class='ocrx_word' id='word_1_224' title='bbox 596 2684 708 2737; x_wconf 82' lang='lat' dir='ltr'>VIII,</span> <span class='ocrx_word' id='word_1_225' title='bbox 731 2690 797 2726; x_wconf 88' lang='lat'>33.</span> <span class='ocrx_word' id='word_1_226' title='bbox 828 2709 880 2715; x_wconf 89' lang='lat'>—</span> <span class='ocrx_word' id='word_1_227' title='bbox 916 2691 953 2726; x_wconf 89' lang='lat'>5.</span> <span class='ocrx_word' id='word_1_228' title='bbox 984 2685 1098 2737; x_wconf 85' lang='lat' dir='ltr'>VIII,</span> <span class='ocrx_word' id='word_1_229' title='bbox 1125 2690 1188 2725; x_wconf 89' lang='lat'>77.</span> 
     </span>
    </p>
   </div>
  </div>
 </body>
</html>
