1758 2903
825 91 1064 126 -104—

271 192 377 223 vere
397 175 642 238 indigenas
663 189 763 221 esse
787 189 929 238 supra
948 173 1174 234 vidimus,
1191 175 1239 222 in
1262 175 1450 239 tugurio
1464 178 1619 224 Evam-2

272 252 342 299 dri
367 250 604 310 coluntur,
628 258 681 297 ut
700 258 931 297 testantur
948 267 1111 298 versus
1131 267 1143 299 t

594 369 913 424 hesternumque
932 370 1079 410 Larem
1095 384 1321 425 parvosque
1338 373 1511 413 Penates

379 435 529 475 Laetus
554 433 658 485 adit;
679 440 827 474 mactat
843 434 966 474 lectas
991 433 1039 475 de
1064 449 1173 475 more
1194 434 1421 477 bidentes¹.

269 551 480 595 Romano
506 547 684 594 scilicet
709 563 854 606 more,
885 563 980 595 non
1010 549 1198 596 Graeco.

336 623 569 671 Nonnulla
596 640 620 670 e
644 623 858 670 moribus
892 623 1113 671 Italorum
1154 625 1386 688 gentium,
1428 625 1613 672 Etrusci

270 701 543 762 praesertim
584 699 765 764 populi,
804 699 890 747 hoc
934 701 982 747 in
1030 699 1152 747 libro
1190 716 1378 763 quoque
1421 702 1619 765 repetita

270 775 617 838 deprehendas;
641 776 837 840 exempli
857 779 1024 840 gratia,
1053 776 1230 824 classes
1262 778 1514 841 Tyrrhenas
1537 781 1624 829 Lae.

270 854 383 900 tinis
412 862 629 916 parantes
654 853 832 900 bellum
857 854 1028 900 inferre
1057 870 1067 900 :

378 1028 410 1068 F
653 1029 668 1051 ²
778 973 925 1015 retinet
948 974 1168 1029 longaevus
1191 988 1362 1031 aruspex

412 1033 475 1067 ata
498 1039 645 1068 canens
675 1060 682 1067 .

333 1148 432 1192 Non
453 1145 542 1192 hoc
571 1144 756 1207 quidem
782 1146 1024 1191 Etruscum
1047 1144 1207 1191 haberi
1232 1144 1369 1192 debet
1392 1144 1516 1209 quod
1540 1161 1616 1192 sa-

268 1222 432 1269 cerdos
461 1222 714 1268 exercitum
751 1228 875 1267 vetat
914 1219 1166 1284 proficisci,
1197 1220 1394 1268 classem
1420 1237 1445 1268 e
1478 1229 1616 1285 portu

269 1297 475 1358 solvere,
501 1297 658 1344 eadem
674 1312 862 1360 quoque
882 1295 1140 1343 sacerdotes
1159 1296 1350 1343 heroico
1367 1301 1466 1360 Jam
1499 1306 1620 1344 tem-

271 1390 382 1436 pore
409 1383 454 1420 et
475 1374 692 1422 vetabant
714 1373 815 1420 fieri
843 1383 887 1418 et
915 1372 1167 1435 jubebant,
1196 1373 1276 1420 sed
1301 1389 1439 1421 versu
1473 1390 1619 1438 supra

271 1450 460 1497 laudato
507 1449 693 1496 videtur
735 1448 958 1512 Virgilius
997 1448 1043 1495 id
1071 1459 1492 1497 commemoratum
1532 1467 1613 1497 vo-

270 1528 430 1585 luisse,
467 1525 591 1589 quod
631 1526 769 1572 ceteri
808 1527 1062 1586 scriptores
1090 1532 1135 1571 et
1159 1527 1317 1573 Cicero
1352 1528 1456 1588 ipse
1486 1526 1624 1576 affir-.

269 1613 422 1660 mant,
445 1605 705 1650 Romanam
727 1601 1052 1665 haruspicinae
1071 1594 1330 1648 doctrinam
1358 1604 1406 1648 in
1432 1603 1619 1650 Etruria

271 1689 429 1727 natam
451 1695 554 1726 esse
581 1687 718 1741 atque
738 1679 814 1725 hic
835 1682 932 1741 Jam
954 1677 1062 1725 inde
1086 1693 1113 1723 a
1141 1679 1303 1739 priscis
1330 1678 1617 1742 temporibus

271 1758 320 1803 in
362 1771 548 1804 summo
583 1755 760 1802 honore
801 1754 1047 1801 liabitam³.
1091 1753 1165 1801 Ad
1195 1755 1388 1801 Etrusca
1427 1769 1619 1818 quoque

271 1833 490 1880 instituta
515 1839 694 1895 spectat
711 1831 850 1878 ·locus
876 1846 887 1877 ε

405 1953 492 2009 Ipsi
515 1959 693 1994 oratores
713 1952 764 1993 ad
787 1965 851 1993 me
871 1952 1070 2007 regnique
1083 1965 1271 1993 coronam

405 2019 508 2062 Cum
529 2025 688 2072 sceptro
708 2018 822 2058 misit
841 2017 1087 2072 mandatque
1106 2017 1286 2071 insignia
1301 2015 1473 2057 Tarcho.

270 2139 524 2197 Nimirum,
552 2138 769 2201 quamvis
790 2144 921 2201 poeta
945 2135 1063 2182 nihil
1083 2134 1287 2199 amplius
1318 2132 1476 2192 addat,
1499 2149 1614 2181 con·

268 2216 413 2278 jicere
449 2223 598 2278 potes,
637 2229 744 2260 cum
776 2212 1132 2276 interpretibus,
1168 2211 1246 2257 hic
1274 2210 1500 2258 eburnam
1534 2209 1617 2256 sel-

273 2292 365 2339 lam
384 2301 523 2355 atque
544 2299 700 2354 togam
726 2304 809 2336 acu
832 2289 1002 2353 pictam
1029 2287 1303 2351 significari,
1319 2303 1467 2350 quum
1490 2283 1624 2351 apud¹

333 2462 366 2495 l.
398 2457 499 2496 Aen.
524 2455 638 2506 VIII,
664 2458 754 2495 542.

331 2519 369 2555 2.
399 2516 496 2555 Aen.
521 2514 634 2561 VIII,
657 2518 748 2554 398.

331 2580 368 2613 3.
400 2572 442 2613 C.
467 2572 649 2624 Gi0.,V1,
678 2574 791 2612 Fam.
815 2573 884 2624 Ep.
913 2575 954 2620 6;
984 2572 1117 2622 Deleq.
1142 2570 1170 2612 l.
1193 2570 1247 2623 ΙΙ,
1271 2582 1306 2610 c.
1329 2582 1393 2620 1x3
1416 2571 1468 2610 De
1485 2570 1617 2620 divin,

276 2633 310 2688 ΙΙ,
332 2646 365 2673 c.
393 2646 443 2684 ¹¹3
466 2635 514 2672 De
535 2640 683 2672 natura
707 2633 891 2678 Deorum,
911 2629 938 2670 l.
964 2630 1018 2681 11,
1045 2643 1078 2672 c.
1107 2642 1162 2670 lv„
