1758 2903
715 62 926 98 —25—-

148 147 463 196 marmoribus
503 146 708 209 antiquis
748 146 924 209 primae
969 152 1147 192 tantum
1193 144 1367 193 litterae
1405 148 1436 192 L
1460 147 1494 192 L

149 225 357 287 exsculpi
384 223 584 271 solerent
609 225 638 268 ¹.

211 302 276 348 De
316 308 413 347 arte
439 299 619 361 magica
668 306 715 346 et
763 297 820 346 de
866 297 1152 346 divinatione
1195 297 1360 345 eodem
1398 298 1494 345 fere

149 375 287 422 modo
332 374 576 422 Lerschius
617 375 824 439 disputat
866 392 950 423 nec
989 391 1172 439 semper
1209 374 1403 422 fallitur.
1436 377 1494 422 Se

146 453 407 499 Marsorum
430 452 778 499 incantamenta
800 453 849 498 in
879 452 1037 498 animo
1069 451 1238 498 habere
1269 451 1494 513 Virgilius

148 527 288 574 certis
306 528 355 573 in
373 527 488 574 locis
512 528 577 574 ita
597 536 756 591 aperte
771 527 994 585 declarat,
1023 537 1075 574 ut
1096 543 1172 574 res
1192 529 1322 575 nulla
1346 529 1493 591 expli-

149 604 331 651 catione
356 619 466 651 sane
484 611 629 667 egeat.
660 603 790 651 Unde
812 604 943 651 enim
980 603 1218 667 profectus
1244 613 1315 652 est
1346 621 1497 652 sacer-

152 679 238 727 dos
260 679 342 727 ille

228 794 402 848 Vipereo
423 793 562 847 generi
585 799 624 833 et
643 791 816 846 graviter
836 793 1088 848 spirantibus
1106 793 1249 848 hydris

227 852 427 908 Spargere
448 851 520 907 qui
540 865 704 893 somnos
728 857 930 907 cantuque
949 867 1154 907 manuque
1182 852 1372 905 solebat’,

147 961 288 1007 nisia
312 959 550 1008 Marruvia
573 968 726 1022 gente,
761 959 883 1006 circa
916 959 1145 1006 Fucinum
1179 960 1331 1006 lacum
1367 960 1497 1007 sita?

149 1036 280 1084 Unde
307 1044 354 1083 et
378 1035 550 1083 herbae
583 1036 642 1083 ab
679 1052 734 1083 eo
759 1044 1053 1100 quaeruntur
1090 1035 1148 1083 ad
1184 1036 1382 1083 vulnera
1420 1053 1496 1083 sa-

149 1113 324 1172 nanda,
370 1113 460 1159 nisi
496 1128 524 1158 a
559 1113 723 1160 Marsis
762 1113 1076 1161 montibus⁸‘?
1110 1114 1302 1161 Romani
1342 1121 1494 1160 autem

146 1189 400 1237 credebant
435 1189 508 1235 sui
535 1205 636 1236 esse
671 1188 854 1235 arbitrii
886 1190 989 1236 visa
1028 1189 1186 1236 omina
1233 1189 1497 1253 improbare

147 1265 222 1313 vel
246 1266 481 1329 recipere:
513 1264 622 1312 inde
646 1280 807 1312 versus
830 1281 840 1312 :

757 1379 842 1421 Nec
865 1378 1065 1421 maximus
1090 1393 1208 1421 omen

224 1436 383 1478 Abnuit
411 1437 608 1479 Aeneas&

210 1544 432 1593 Solebant
462 1544 611 1592 iidem
642 1544 681 1590 si
715 1545 903 1607 quando
931 1545 1134 1592 Faustum
1167 1553 1382 1593 eventum
1408 1545 1495 1593 ali-

144 1639 238 1687 quo
277 1624 434 1670 omine
468 1623 556 1670 sibi
582 1623 808 1687 'portendi
844 1629 1078 1686 putarent,
1104 1625 1223 1670 Deos
1264 1639 1394 1670 orare
1439 1632 1493 1670 ut

145 1699 301 1747 omine
331 1699 474 1747 altero
510 1700 768 1764 eodemque
802 1699 1003 1747 secundo
1030 1700 1163 1763 prius
1194 1706 1307 1747 tunc
1344 1699 1498 1748 adhuc

147 1775 345 1834 dubium
371 1776 697 1841 incertumque
730 1776 989 1824 firmarent.
1029 1777 1130 1832 Qua
1157 1774 1498 1824 consuetudine

205 1963 240 1999 l.
272 1959 411 1999 Unum
432 1958 481 1999 de
504 1957 648 1998 multis
671 1958 838 1998 titulum
862 1958 1087 2013 proferam3
1112 1970 1234 2012 quem
1253 1955 1363 2012 apud
1384 1957 1498 1997 Hen-

149 2031 235 2071 zen,
260 2018 337 2069 ΙΙΙ,
363 2024 407 2058 n⁰
433 2023 532 2060 5997
555 2017 733 2072 reperies
756 2031 766 2058 :

672 2124 893 2154 MERCVRIO
923 2125 977 2153 ET

650 2185 786 2213 MAIAE
817 2185 842 2218 Q
871 2184 990 2214 SEIVS

715 2244 934 2273 POSTVMVS

702 2303 729 2330 V
760 2303 781 2331 S
810 2304 835 2333 L
864 2303 889 2331 L
918 2303 949 2331 M

146 2399 249 2439 quae
272 2385 380 2425 linea
398 2385 543 2425 ultima
564 2384 622 2426 sic
643 2383 816 2439 legenda
845 2391 907 2425 est
932 2400 940 2424 ε
970 2390 1109 2425 votum
1139 2382 1258 2424 solvit
1273 2384 1393 2424 libens
1416 2384 1501 2423 lae-

146 2452 207 2485 tus
227 2451 386 2484 merito.
571 2475 574 2478 -

199 2508 238 2542 2.
270 2504 363 2556 VII,
392 2508 484 2545 551.
511 2502 572 2544 Cf.
595 2503 784 2544 Servium
804 2501 855 2543 ad
871 2502 979 2544 hunc
1003 2502 1151 2543 locum.

202 2566 240 2602 3.
272 2562 364 2612 VII,
393 2568 482 2603 757.

200 2627 240 2662 ¹1.
273 2622 323 2673 V,
347 2627 438 2663 530.
466 2621 524 2664 Cf.
551 2621 651 2672 Cic„
679 2623 811 2663 Divin.
828 2622 861 2674 Ι,
884 2625 951 2663 46.
984 2620 1074 2663 Liv.
1096 2626 1158 2672 38,
1190 2626 1248 2662 18.
