1758 2903
628 79 836 114 ...59-

59 163 180 210 inter
209 169 436 226 agrestem
463 162 587 209 hunc
611 165 735 226 regis
759 162 947 209 Arcadii
973 164 1187 211 habitum
1213 173 1255 211 ct
1278 164 1406 210 illam

58 238 115 285 ad
129 239 395 302 dignitatem
410 240 714 301 compositam
730 240 901 286 civium
911 243 1223 288 Romanorum
1233 249 1406 288 vestem

58 315 274 361 intersit!
305 314 392 361 Sed
429 315 485 360 de
525 316 744 362 Lerschio
780 316 1024 363 hactenus,
1059 321 1159 365 Jam
1195 318 1400 364 conside-

57 389 204 436 randa
237 400 349 437 sunt
381 407 474 437 non
502 407 554 437 ea
577 407 695 454 quae
729 394 936 439 Romana
960 409 1059 440 esse
1089 403 1169 440 aut
1196 394 1408 456 probavit

55 473 138 512 aut
167 466 315 513 videri
349 483 596 530 perperam
628 467 795 527 voluit,
831 468 909 515 sed
932 485 983 516 ea
1015 485 1133 531 quae
1159 469 1217 516 ad
1245 473 1407 516 Home·

56 541 203 589 ricam
228 550 422 590 aetatem
453 545 713 606 spectantia
741 544 926 591 silentio
952 546 1207 608 praeteriit.

695 900 793 946 llll

118 1119 205 1167 Sed
229 1128 476 1184 antequam
503 1120 559 1168 ad
586 1139 659 1169 res
704 1121 828 1184 ipsas
863 1124 1124 1180 veniamne,
1155 1121 1404 1168 eximenda

55 1205 183 1256 sunt,
212 1206 264 1244 ut
286 1198 466 1245 videtur
488 1215 511 1245 e
534 1199 805 1261 quaestione
833 1216 886 1246 ea
912 1215 1049 1260 quae,
1077 1215 1225 1261 quum
1251 1198 1307 1245 ad
1329 1215 1406 1245 an-

54 1274 315 1337 tiquitatem
337 1277 559 1321 Graecam
593 1277 689 1322 sint
717 1276 979 1333 referenda,
1005 1291 1097 1322 non
1131 1283 1286 1321 tamen
1317 1277 1404 1322 Ho-

54 1352 218 1397 merici
237 1352 338 1397 aevi
361 1367 533 1397 meram
562 1361 700 1415 atque
722 1353 968 1415 ingenuam
995 1350 1203 1397 indolem
1226 1367 1335 1414 prae
1356 1367 1405 1397 se

55 1426 222 1473 ferunt.
246 1429 401 1489 Neque
423 1428 542 1474 enirn
563 1428 785 1490 Virgilius
809 1430 1067 1474 Homerum
1086 1434 1265 1473 tantum
1280 1443 1406 1489 spec-

53 1509 119 1549 tat
141 1511 278 1566 atque
300 1503 534 1557 imitatur-3
564 1504 642 1549 sed
665 1503 814 1550 multa
838 1519 865 1549 a
886 1503 1032 1565 poetis
1048 1503 1255 1566 tragicis,
1281 1502 1403 1549 mul-

52 1586 99 1625 ta
124 1578 181 1626 ab
207 1579 354 1641 epicis
391 1578 662 1642 lyricisque,
691 1580 764 1624 vir
795 1580 921 1625 omni
954 1578 1234 1626 eruditionis
1269 1578 1403 1625 laude

53 1654 324 1702 cumulatus
354 1658 643 1703 mutuatur'.
684 1658 784 1703 Hoc
813 1663 970 1703 autem
1004 1656 1241 1702 neminem
1281 1656 1403 1719 fugit

52 1740 212 1793 poetas
238 1732 431 1778 Graecos
464 1732 513 1777 in
543 1732 755 1779 moribus
783 1733 995 1779 heroicae
1026 1734 1189 1780 aetatis
1220 1748 1400 1795 reprae-

53 1807 294 1854 sentandis
337 1808 532 1854 minime
590 1809 774 1855 veritati
822 1808 1130 1866 consuluisse,
1173 1808 1253 1855 sed
1289 1808 1402 1855 dum

51 1884 261 1931 fabulam
295 1891 376 1931 aut
405 1886 599 1931 nomina
625 1901 933 1948 personarum
964 1885 1021 1932 ab
1052 1889 1252 1932 Homero
1279 1894 1401 1947 pete-

52 1968 170 2021 rent,
198 1962 246 2007 in
268 1962 342 2007 sui
366 1963 587 2025 temporis
612 1962 931 2009 describendis
953 1979 1005 2009 ac
1028 1962 1245 2009 sensibus
1269 1962 1401 2009 illus-

51 2039 230 2085 trandis
256 2039 558 2102 potissimum
597 2038 901 2102 acquievisse.
943 2041 1044 2095 Quo
1071 2038 1279 2100 exemplo
1306 2053 1400 2084 non

55 2124 234 2162 tantum
267 2118 414 2161 utitur
441 2115 662 2179 Virgilius
687 2125 736 2162 ut
761 2117 999 2173 RomaniS,
1029 2117 1068 2162 si
1103 2115 1211 2161 licet
1228 2114 1398 2170 dicere,

50 2192 144 2239 filis
189 2196 412 2241 Graecam
458 2198 595 2238 teiam
629 2201 860 2251 contexat,
909 2191 993 2239 sed
1041 2191 1168 2237 illam
1213 2206 1400 2253 quoque

49 2277 393 2334 praeposteram
437 2279 480 2315 et
528 2269 906 2315 commenticiam
954 2268 1300 2329 antiquitatem,
1348 2266 1399 2312 in

52 2360 192 2391 suum
226 2361 411 2392 carmen
438 2350 546 2409 jure
587 2344 791 2406 quodam
828 2346 1010 2408 poetico
1044 2360 1157 2390 usus
1184 2342 1402 2389 transfert

52 2436 104 2467 ac
123 2437 231 2468 cum
253 2422 352 2468 suis
378 2420 505 2469 domi
547 2424 668 2469 natis
689 2422 814 2470 ultro
834 2429 960 2485 aptat
982 2422 1248 2485 Jungitque.

104 2573 142 2630 .¹·
175 2566 233 2607 Cf.
260 2567 321 2607 M.
346 2567 479 2618 Patin,
503 2561 642 2609 Ebudes
662 2580 733 2608 sur
756 2570 796 2608 la
822 2570 951 2620 poesie
983 2569 1117 2618 latine,
1146 2567 1180 2617 Ι,
1200 2580 1241 2619 p.
1273 2570 1340 2606 161
1362 2571 1401 2605 et

51 2639 154 2666 suw.
