1758 2903
858 147 1100 183 —142—

304 237 399 284 solo
437 233 648 286 effundat
677 234 899 298 supinum
924 241 937 264 ¹
962 268 972 280 .
1014 232 1150 291 Quod
1186 233 1222 280 si
1253 233 1378 280 acies
1416 233 1560 282 altera
1602 251 1664 301 it„

305 314 461 375 sugam
485 311 624 357 fuerit
648 326 888 378 conversa,
904 317 1138 374 receptum
1158 309 1295 357 duces
1317 319 1498 372 pectore
1515 327 1655 375 oppo-

303 388 389 434 sito
429 393 641 432 tutantur
659 389 691 431 ².
734 387 833 432 Nox
873 402 980 433 vero
1025 384 1153 449 apud
1181 393 1364 449 poetam
1401 394 1656 450 utrumque
1687 390 1690 391 ⁷

301 478 509 526 pugnam
544 461 722 508 dirimit
740 459 773 509 ³.
803 465 942 526 Ergo,
969 461 1096 526 quod
1112 461 1171 509 ad
1194 478 1346 510 mores
1366 471 1410 509 et
1434 462 1657 510 militiam

304 538 520 600 pertinet,
557 537 737 602 Sibylla
773 554 868 585 non
899 537 1087 585 videtur
1113 539 1360 597 erravisse,
1393 537 1471 586 his
1503 537 1658 587 verbis

307 630 425 661 usa:

410 714 504 754 Non
525 712 677 755 Simois
698 711 777 753 tibi
803 726 876 754 nec
898 713 1088 754 Xanthus
1110 726 1185 755 nec
1205 713 1353 754 Dorica
1371 719 1503 754 castra

410 777 639 829 Defuerint‚

307 890 413 921 nam
456 873 635 921 bellum
661 890 756 921 non
791 873 884 920 alio
928 873 1066 921 modo
1112 873 1240 938 apud
1298 873 1570 921 Tiberinum
1619 881 1666 920 et

309 952 561 999 Numicum
600 968 694 1016 quo
730 951 855 1016 apud
875 951 1114 999 Xanthum
1140 959 1185 999 et
1206 953 1447 1000 Simoenta
1462 950 1659 1015 geritur.

918 1332 1054 1379 VlIl

378 1557 504 1615 Quid
526 1573 634 1622 ergo
656 1556 973 1621 colligendum
999 1565 1069 1604 est
1085 1557 1108 1603 ?

312 1633 361 1679 Si
385 1649 460 1680 res
483 1649 727 1697 moresque
747 1634 793 1679 in
817 1632 1019 1680 Aeneide
1042 1632 1303 1697 descriptos
1324 1649 1433 1681 cum
1459 1633 1520 1681 iis
1543 1650 1662 1698 quae

314 1709 372 1756 de
413 1710 611 1774 Augusti
649 1725 762 1757 aevo
795 1709 1007 1756 historici
1046 1709 1354 1770 tradiderunt,
1384 1710 1658 1771 contuleris,

312 1785 571 1850 plurimum
593 1787 824 1834 interesse
855 1785 1060 1845 videbis3
1089 1785 1239 1832 multa
1263 1794 1421 1834 tamen
1443 1786 1665 1866 Virgilius
1727 1792 1729 1798 ⁴

313 1871 394 1910 aut
428 1862 702 1926 imprudens
730 1871 827 1924 aut,
855 1871 906 1910 ut
938 1863 1094 1926 potius
1118 1861 1316 1920 videtur,
1346 1861 1405 1911 de
1428 1863 1663 1911 industria
1699 1906 1702 1909 .

314 1941 513 1987 carmini
552 1940 754 1988 inseruit
794 1955 911 2002 quae
952 1938 1010 1986 ad
1052 1939 1324 2003 aequalium
1348 1946 1395 1987 et
1419 1955 1583 1988 sensus
1619 1949 1666 1988 et

314 2017 678 2064 consuetudines
703 2018 954 2080 pertinent.
980 2017 1028 2063 Si
1056 2023 1101 2063 te
1122 2032 1213 2062 non
1240 2021 1338 2080 jam
1368 2016 1428 2063 ad
1460 2017 1664 2081 Augusti
1714 2017 1718 2020 ’

315 2101 529 2153 aetatem,
554 2093 634 2141 sed
654 2093 712 2141 ad
734 2110 886 2155 usque
916 2101 1128 2155 tempora
1147 2092 1302 2139 Italiae
1329 2093 1667 2157 antiquissima

316 2170 500 2228 referes,
526 2170 769 2234 apparebit
805 2170 954 2217 multa
991 2185 1175 2233 quoque
1201 2171 1298 2216 sive
1334 2186 1387 2217 ex
1419 2170 1666 2219 annalibus

316 2247 557 2305 Romanis,
574 2247 670 2293 sive
687 2262 711 2294 e
738 2248 885 2293 sacris
909 2245 1185 2310 pontificum
1204 2245 1341 2294 libris
1362 2262 1389 2293 a
1404 2255 1538 2312 poeta
1552 2248 1667 2295 sub-

318 2321 459 2369 tiliter
481 2322 622 2370 fuisse
652 2332 872 2386 excerpta
897 2332 1052 2385 atque,
1083 2330 1135 2368 ut
1158 2323 1224 2368 ita
1244 2323 1415 2382 dicam,
1442 2322 1664 2383 delibata,

318 2399 384 2445 ita
410 2406 462 2446 ut
487 2399 782 2463 antiquitatis
808 2398 993 2446 Italicae
1013 2399 1603 2463 peritissimusaRomanis
1622 2408 1668 2448 et

377 2579 412 2615 1.
443 2577 537 2617 Αεη.
563 2576 656 2626 XII,
682 2581 772 2616 531.

374 2637 411 2673 2.
443 2635 535 2675 Aen,
557 2635 650 2683 XII,
679 2639 768 2675 614.
796 2636 842 2674 Il.
869 2634 957 2687 XV,
984 2639 1078 2686 281,
1112 2639 1204 2675 285.

375 2696 411 2730 3.
444 2690 504 2732 Cf.
527 2694 573 2733 Il.
600 2693 754 2744 XVIII,
777 2697 848 2733 241
872 2708 880 2743 ;
907 2693 960 2742 Π,
991 2697 1087 2742 385;
1111 2693 1203 2745 VII,
1228 2698 1323 2746 293;
1358 2695 1453 2735 Aen.
1472 2693 1546 2746 XI,
1570 2699 1662 2736 912.
