1758 2903
692 150 931 186 -135—

146 251 250 282 mus
274 249 392 293 esse,
423 232 503 280 sed
521 232 684 281 militis
702 242 855 297 partes
878 234 1169 297 exsequitur;
1200 249 1366 299 nempe
1383 234 1487 297 ipse

145 310 357 368 dimicat,
401 325 570 371 magno
611 310 800 357 turbine
839 310 1022 357 hastam
1063 317 1262 372 torquet,
1304 310 1483 375 lapides

144 385 319 449 quibus
359 384 662 432 sublevandis
701 386 951 434 duodecim
988 386 1203 434 homines
1235 388 1311 435 vix
1352 403 1488 451 pares

144 469 317 519 essent,
342 477 485 508 manu
504 461 641 509 tollit.

211 537 334 592 Quid
356 537 608 599 quod,uno
620 539 786 585 comite
801 537 989 597 Achate,
1010 539 1204 586 classem
1220 541 1296 586 vix
1307 539 1489 587 Africae

146 614 396 677 appulsam
423 613 649 676 relinquit
684 623 735 660 ut
769 613 868 660 loca
899 614 1123 677 exploret,
1148 615 1273 678 quod
1301 614 1360 662 ad
1381 632 1491 662 suos

147 689 342 737 alendos
375 699 589 748 venatur,
630 689 757 754 quod
799 690 977 753 Ulyssis
1018 692 1065 737 in
1097 693 1255 739 Circes
1287 691 1491 738 insulam

148 767 279 829 ejecti
297 783 541 830 personam
566 765 747 813 induit?
772 765 900 812 Idem
923 767 971 813 in
998 766 1201 814 Palinuri
1230 767 1387 815 locum
1412 784 1494 814 ne-

149 843 326 888 minem
368 859 392 889 e
429 843 582 889 nautis
623 841 928 889 comitibusve
962 843 1164 903 suffieit3
1208 844 1307 907 ipse
1346 850 1496 891 rector

151 918 279 965 subit
305 934 314 963 :

496 981 588 1035 Ipse
610 988 736 1022 ratem
757 980 964 1023 nocturnis
986 982 1088 1023 rexit
1106 982 1149 1022 in
1169 982 1333 1025 undis¹.

152 1098 206 1144 In
229 1095 472 1142 funeribus
493 1095 658 1141 Miseni
684 1095 905 1158 parandis
930 1112 1123 1159 operam
1146 1096 1204 1143 ab
1228 1112 1280 1144 eo
1309 1113 1498 1161 quoque

152 1181 367 1219 navatam
403 1171 614 1219 videmus
645 1187 654 1217 ε

283 1288 367 1329 Nec
389 1302 470 1328 non
489 1288 646 1329 Aeneas
663 1302 784 1342 opera
807 1288 912 1329 inter
934 1287 1031 1329 talia
1049 1288 1208 1343 primus

284 1354 481 1393 Hortatur
503 1352 633 1394 socios
653 1352 901 1407 paribusque
922 1352 1148 1407 accingitur
1169 1353 1329 1395 armis2.

220 1468 340 1512 Haeo
375 1464 454 1511 illa
487 1474 556 1511 est
600 1464 796 1512 heroum
836 1467 1049 1527 priorum
1091 1466 1369 1529 simplicitas
1403 1466 1502 1529 qui,

156 1558 282 1590 nunc
302 1543 390 1605 ipsi
407 1542 454 1586 in
476 1542 608 1587 silvis
625 1541 813 1588 arbores
833 1557 973 1588 manu
995 1542 1213 1601 caedunt,
1232 1559 1357 1590 nunc
1373 1559 1508 1606 pran-

156 1618 289 1665 dium
317 1633 458 1663 suum
494 1625 676 1680 parant,
715 1633 840 1664 nunc
869 1616 1041 1665 lectum
1071 1618 1378 1679 fabricantur,
1404 1636 1504 1666 om-

157 1695 236 1742 nia
259 1694 461 1757 denique
482 1694 647 1741 munia
668 1702 989 1756 exsequuntur
1006 1710 1123 1758 quae
1150 1694 1230 1741 alii
1258 1695 1508 1756 cuiuslibet

158 1770 318 1818 aetatis
340 1770 480 1816 duces
509 1769 739 1816 militibus
764 1771 996 1833 imperare
1021 1772 1134 1817 satis
1160 1771 1350 1818 habent.

224 1847 370 1895 Ceteri
397 1862 504 1893 vero
523 1846 767 1909 Virgiliani
787 1846 946 1893 heroes
968 1847 1180 1894 eamdem
1198 1848 1291 1895 fere
1306 1849 1509 1913 speciem

159 1924 412 1983 exhibent;
442 1924 540 1970 sive
576 1923 847 1986 loquantur,
877 1924 976 1970 sive
1009 1940 1105 1970 rem
1138 1933 1318 1987 gerant,
1347 1924 1510 1972 credas

161 2009 204 2047 te
227 2001 353 2046 dicta
380 2008 460 2046 aut
485 1999 604 2047 facta
628 2005 728 2063 jam
755 2000 813 2046 ab
837 2002 1037 2047 Homero
1061 2009 1316 2047 memorata
1340 2002 1510 2048 iterum

160 2077 326 2141 legere.
354 2075 488 2132 Quod
513 2076 550 2122 si
571 2075 763 2138 quando
786 2077 943 2123 nescio
971 2092 1065 2138 qua
1088 2077 1389 2124 miseratione
1410 2079 1513 2124 inu·

164 2155 303 2201 sitata
321 2162 611 2206 moveantur,
633 2167 800 2199 rursus
817 2153 875 2200 ad
899 2153 1140 2214 ingenium
1160 2153 1356 2200 redeunt
1374 2160 1513 2217 atque

166 2231 342 2278 heroici
366 2232 466 2276 aevi
494 2230 716 2277 ferociam
747 2236 1004 2292 praestant.
1043 2232 1255 2277 Turnum
1287 2229 1512 2277 leniorem

162 2324 304 2372 quam
324 2307 520 2355 Achillis
542 2306 782 2368 aequalem
809 2306 963 2368 decet,
988 2307 1102 2355 lecto
1124 2307 1212 2355 hoc
1234 2323 1387 2366 versu,
1414 2308 1512 2356 sor-

166 2394 288 2433 tasse
313 2384 603 2432 existimabis
623 2402 634 2430 :

247 2502 445 2556 Quisquis
466 2501 593 2541 honos
611 2501 774 2553 tumuli,
796 2500 995 2556 quidquid
1015 2501 1194 2543 solamen
1212 2502 1408 2543 humandi
1424 2508 1491 2542 est

246 2565 455 2619 Largior³.

229 2702 260 2738 1.
294 2698 388 2738 Aen.
411 2697 461 2748 V,
486 2700 576 2737 868.
609 2720 661 2726 —
692 2701 728 2737 2.
762 2698 831 2748 VI,
863 2702 949 2738 183.
983 2722 1035 2729 -
1064 2703 1101 2739 3.
1133 2699 1184 2750 X,
1210 2701 1284 2738 493
