1758 2903
843 91 1083 126 —122—

292 191 423 223 sacra
449 190 598 238 quum
627 175 767 222 morti
786 182 1085 240 peragantur,
1102 190 1197 223 non
1217 174 1373 232 Marti,
1388 173 1550 221 nescio
1571 189 1632 221 an

288 267 381 297 non
422 249 760 297 suovetaurilia
802 250 961 298 haberi
1009 251 1218 314 possint3
1254 250 1498 298 Homerica
1534 265 1639 297 esse

288 342 382 373 non
403 326 751 380 affirmaverim,
772 343 916 390 quum
947 326 1069 391 apud
1095 343 1261 390 rogum
1292 327 1486 374 Patrocli
1511 328 1635 373 boves

288 405 390 465 equi
423 411 468 450 et
491 419 620 450 canes
647 403 972 450 immolentur.
1009 402 1144 460 Quod
1172 411 1328 450 autem
1361 404 1508 450 Latini
1542 402 1634 450 alia

287 495 482 544 corpora
517 479 616 527 solo
639 479 894 539 infodiunt,
939 481 1034 526 alia
1067 479 1369 536 comburunt,
1407 477 1633 542 Virgilius

287 572 314 602 a
352 572 511 603 rerum
561 557 757 603 veritate
802 572 896 603 non
942 555 1174 614 deflectit3
1220 565 1468 619 utramque
1508 555 1634 602 enim

285 632 678 680 consuetudinem
723 634 868 693 simul
907 633 956 679 in
1002 633 1129 679 Italia
1164 632 1306 696 pricis
1343 631 1635 695 temporibus

285 710 492 773 viguisse
518 719 722 768 constat3
768 711 859 773 ipsi
886 726 995 756 vero
1018 710 1214 757 Romani
1251 725 1341 755 non
1372 723 1553 771 semper
1584 708 1632 754 in

287 785 449 833 eodem
489 802 619 833 more
647 795 1031 850 permanserunt3
1071 787 1246 849 quippe
1274 785 1401 849 apud
1436 800 1556 848 quos
1591 794 1636 831 et

286 863 525 911 inhumari
550 880 745 927 corpora
776 871 940 927 coepta
982 863 1093 922 sint,
1127 871 1171 909 et
1197 871 1303 926 post
1329 861 1498 909 suerint
1520 875 1633 907 con-

286 941 440 996 busta,
455 957 621 988 rursus
651 951 799 987 terrae
829 939 1063 986 mandata.

352 1016 480 1074 Quid
504 1033 613 1080 ergo
641 1016 941 1063 statuendum
967 1023 1038 1063 est
1055 1018 1075 1063 *Ρ
1092 1014 1314 1079 Pleraque
1342 1013 1514 1061 scilicet
1533 1028 1635 1060 esse

286 1095 555 1141 communia
581 1112 593 1152 3
623 1094 669 1140 in
704 1092 987 1156 quibusdam
1031 1108 1257 1156 apparere
1291 1090 1542 1155 Virgilium
1582 1091 1633 1137 in

286 1161 499 1217 moribus
523 1180 728 1217 veterum
745 1170 969 1217 Italorum
998 1169 1242 1216 servandis
1257 1168 1635 1232 diligentiorem;

283 1254 468 1310 poetam
489 1262 598 1293 vero
630 1262 722 1292 non
752 1248 948 1293 omnino
980 1245 1194 1292 heroicae
1224 1245 1351 1291 illius
1381 1244 1635 1306 antiquita-

284 1324 366 1383 tis,
394 1323 580 1385 qualem
604 1325 838 1370 Homerus
863 1325 1164 1385 expresserit,
1185 1323 1510 1368 immemorem
1535 1336 1637 1368 esse

284 1408 330 1446 et
374 1400 696 1456 incuriosum3
730 1410 955 1456 ceterum,
1003 1408 1234 1462 quantum
1266 1398 1325 1444 ad
1359 1397 1531 1444 multas
1562 1412 1637 1445 res

282 1476 532 1539 pertineat,
571 1492 666 1523 non
697 1492 831 1539 posse
857 1476 1075 1523 concludi
1103 1485 1260 1522 utrum
1288 1491 1394 1522 vere
1421 1474 1634 1521 heroicae

284 1553 378 1599 sint
403 1568 462 1599 an
487 1555 740 1600 Romanae.

348 1627 475 1675 Idem
496 1630 585 1676 fere
603 1629 660 1675 de
682 1628 863 1676 foedere
893 1628 1020 1692 quod
1057 1628 1115 1676 ab
1141 1630 1297 1676 Aenea
1334 1644 1443 1676 cum
1471 1628 1634 1675 Latino

286 1707 497 1753 sancitur
521 1705 859 1769 disputandum
884 1706 987 1752 erit.
1012 1705 1083 1752 Ad
1104 1704 1506 1752 veteresltularum
1528 1721 1638 1767 gen-

284 1783 404 1828 tium
429 1790 510 1828 aut
536 1783 675 1829 etiam
707 1783 1025 1829 Romanorum
1057 1798 1170 1829 usus
1200 1781 1406 1829 alludere
1449 1781 1635 1829 videtur

282 1860 426 1918 Maro,
452 1874 600 1921 quum
627 1857 719 1905 diis
744 1859 1077 1906 communibus
1101 1860 1367 1921 gramineae
1386 1873 1492 1905 arae
1510 1858 1632 1905 exci-

284 1941 444 1982 tantur
471 1939 498 1994 ¹,
523 1951 671 1997 quum
704 1934 875 1981 adsunt
902 1935 1164 1982 sacerdotes
1197 1955 1219 1977 (ι
1257 1934 1398 1981 velati
1425 1934 1539 1981 limo
1562 1935 1578 1958 ²
1604 1951 1632 1979 »v

284 2028 378 2072 quo
424 2013 690 2058 vestimenti
731 2027 896 2074 genere
938 2011 1188 2059 utebantur
1226 2027 1372 2075 popae
1428 2012 1631 2069 romani,

285 2096 330 2136 et
349 2109 371 2131 α
388 2088 591 2136 verbena
607 2098 816 2152 tempora
840 2088 978 2134 cincti
1000 2105 1042 2147 2),
1063 2103 1155 2151 qua
1174 2087 1319 2135 herba
1343 2088 1391 2134 in
1409 2086 1640 2152 Capitolio>

344 2234 378 2269 l.
410 2227 470 2270 Cf.
496 2228 636 2277 Hom„
661 2228 828 2279 Od.111‚
857 2231 894 2279 8,
917 2232 955 2268 3.

340 2294 378 2329 2.
409 2287 608 2341 Forbiger
633 2299 640 2326 :
669 2287 844 2327 «Limus
862 2292 924 2326 est
945 2284 1128 2339 subligar
1147 2285 1198 2326 ab
1218 2284 1413 2327 umbilico
1434 2299 1565 2341 usque
1582 2284 1633 2326 ad

283 2346 408 2402 pedes
427 2346 680 2401 pertingens,
704 2360 784 2400 quo
805 2344 985 2385 ministri
1008 2359 1225 2396 sacrorum,
1241 2358 1370 2400 popae
1387 2352 1427 2386 et
1447 2344 1491 2385 id
1506 2358 1632 2398 gene-

283 2405 342 2445 ris
373 2405 559 2445 homines
591 2404 795 2445 seminudi
825 2403 946 2444 cincti
972 2411 1098 2453 erant,
1122 2404 1193 2458 qui
1209 2412 1422 2460 propterea
1440 2409 1632 2445 vocantur

285 2462 507 2504 limocincti
530 2464 572 2503 in
592 2464 784 2518 Inscript.
807 2464 988 2506 Veronae
1004 2471 1175 2516 reperta,
1197 2477 1317 2517 quae,
1341 2463 1490 2516 Wagn.
1512 2469 1635 2515 teste,

287 2522 439 2575 legitur
457 2523 500 2562 in
518 2522 701 2563 Reinesii
717 2523 930 2575 Syntagm.
951 2526 1053 2561 3219
1071 2540 1108 2562 n.
1124 2521 1183 2562 Cf.
1206 2522 1255 2562 de
1277 2521 1432 2572 Clarae,
1453 2523 1627 2573 Descript

286 2583 557 2644 des-antiques
586 2584 640 2622 dut
671 2583 800 2622 musca
826 2583 882 2622 du
913 2583 1072 2632 Louvre‚
1096 2593 1138 2620 n‘·
1161 2587 1237 2623 772
1257 2583 1328 2632 bis,
1357 2580 1535 2622 sacrifice
1565 2593 1632 2621 ro.-

288 2652 411 2678 malli.

1751 1750 1758 1757 .
1755 1699 1758 1703 Δ
1749 1572 1758 1668 ,Λή-..ι-
