1758 2903
682 100 917 136 —125—

747 452 846 501 Vll

180 673 318 733 Quod
342 675 381 723 si
409 690 553 734 nunc,
576 690 669 722 non
697 677 795 739 jam
820 673 1050 722 Aeneidos
1080 682 1234 738 partes
1262 674 1469 737 explica·

116 748 291 809 bimus,
313 750 397 799 sed
418 757 568 798 totum
581 766 768 798 carmen
786 750 1198 814 perlustrabimus,
1221 767 1296 799 res
1314 751 1468 800 heroi·

114 842 194 874 cas
231 827 373 875 rebus
404 828 623 876 Romanis
654 827 880 875 Italicisve
908 828 1085 891 paritet·
1119 827 1352 876 admixtas
1370 845 1469 877 esse

112 903 363 952 constabit.

179 980 274 1028 Uta
294 981 399 1028 Deis
424 981 671 1044 incipiam,
689 980 875 1045 saepius
890 979 1269 1028 animadversum
1289 988 1361 1029 est
1373 980 1464 1029 hoc

110 1057 234 1106 inter
247 1057 529 1122 Virgilianos
540 1058 901 1122 Homericosque
916 1057 1142 1105 interesse
1157 1065 1207 1105 ut
1219 1057 1288 1116 hi,
1310 1058 1463 1105 homi-

112 1134 255 1183 nibus
272 1134 522 1193 simillimi,
549 1133 736 1182 eosdem
761 1134 854 1181 fer-e
873 1136 1143 1182 animorum
1170 1143 1324 1182 motus
1344 1150 1459 1182 con-

109 1211 304 1276 cipiant,
334 1210 546 1258 eamdem
582 1212 748 1258 mentis
793 1210 1157 1258 imbecillitatem
1199 1219 1458 1274 praestent,

111 1286 277 1336 iisdem
312 1289 500 1336 casibus
542 1289 635 1335 sint
659 1287 872 1347 obnvxii;
904 1287 973 1335 illi
1005 1304 1115 1335 vero
1151 1287 1321 1335 melius
1362 1288 1466 1334 sint

110 1367 298 1424 morati,
319 1380 427 1412 cum
452 1364 728 1412 hominibus
744 1365 930 1412 feruisse
950 1364 1032 1412 sed
1050 1381 1157 1412 eum
1180 1364 1461 1413 hominibus

109 1439 324 1488 doctrina
367 1440 634 1488 informatis
678 1441 879 1488 conferri
919 1440 1135 1500 debeant,
1176 1440 1457 1505 dignitatem

111 1517 363 1580 quamdam
390 1516 450 1566 ad
474 1520 707 1566 Romanos
743 1533 897 1565 mores
925 1526 1008 1565 aut
1035 1517 1092 1565 ad
1114 1517 1459 1582 philosophiam

109 1593 404 1659 elegantioris
440 1594 586 1642 seculi
619 1594 1021 1642 accommodatam
1059 1611 1168 1659 prae
1200 1611 1250 1642 se
1281 1595 1456 1655 serant3

107 1671 297 1720 tandem
312 1687 395 1720 nec
407 1671 621 1719 fortunae
636 1672 859 1730 serviant,
879 1687 966 1719 nec
982 1672 1134 1719 varias
1149 1673 1271 1719 vitae
1290 1671 1458 1720 huma-

107 1763 195 1796 nae
236 1749 363 1796 vices
384 1747 707 1796 formidandas
740 1747 956 1795 habeant.
1000 1749 1123 1795 Haec
1158 1764 1306 1811 quum
1337 1757 1459 1797 recte

107 1823 349 1873 observata
385 1824 531 1871 fuisse
560 1823 820 1883 videantur,
856 1839 948 1871 non
994 1833 1146 1872 tamen
1188 1824 1457 1889 negandum

107 1909 180 1949 est
197 1901 256 1948 ab
273 1900 353 1948 illo
379 1901 560 1963 fastigio
584 1900 639 1947 ad
668 1902 961 1948 Homericam
984 1901 1294 1949 mobilitatem
1320 1911 1459 1964 atque

105 1976 419 2026 humilitatem
438 1978 722 2041 Virgilianos
745 1979 862 2025 Deos
886 1977 1143 2040 aliquando
1177 1977 1345 2038 relabi,
1373 1977 1457 2025 ali-

103 2052 291 2119 quando
313 2055 452 2102 etiam
478 2054 604 2101 infra
629 2053 870 2102 subsidere
888 2055 918 2100 ¹.
954 2055 1054 2103 Non
1084 2063 1233 2119 potest
1266 2056 1458 2119 quidem

163 2236 199 2273 1.
230 2231 289 2274 Cf.
312 2231 584 2281 Macrobium‚
598 2233 761 2274 Satura.
782 2233 832 2282 V,
854 2231 965 2274 XVI.
985 2250 1005 2268 ἰ
1019 2232 1185 2273 Nullam
1211 2245 1458 2273 commemo-

103 2290 301 2332 rationem
326 2289 375 2332 de
397 2290 553 2345 judicio
574 2290 735 2332 Paridis
760 2292 962 2332 Homerus
989 2291 1186 2332 admittit.
1212 2291 1325 2331 Idem
1344 2298 1457 2332 vates

103 2349 379 2404 Ganymedem
410 2363 490 2390 non
516 2355 561 2390 ut
583 2350 759 2392 Junonis
776 2349 965 2405 pellicem
997 2364 1020 2390 a
1048 2350 1147 2391 Jove
1176 2357 1355 2404 raptum,
1385 2348 1458 2390 sed

101 2408 193 2452 Jovi
212 2408 337 2449 alium
366 2408 603 2463 poculorum
628 2408 862 2450 ministrum
888 2408 930 2449 in
948 2408 1103 2450 coelum
1132 2423 1155 2449 a
1176 2408 1266 2449 Diis
1283 2409 1457 2450 ascitum

98 2466 236 2521 refert,
258 2468 367 2509 velut
386 2471 599 2521 ‘mmpzxfh3.
622 2468 823 2523 Virgilius
842 2477 997 2510 tantam
1016 2471 1130 2509 (leam
1150 2471 1253 2519 quod
1265 2470 1391 2509 cuivis
1413 2468 1459 2508 de

98 2529 268 2569 honestis
298 2529 468 2578 semime
487 2535 554 2577 exst,
577 2527 688 2568 velut
719 2527 852 2583 specie
884 2527 1029 2569 victam
1070 2527 1216 2567 Paride
1244 2526 1457 2582 judicante

98 2584 278 2627 doluisse
297 2593 335 2627 et
359 2593 524 2641 propter
545 2586 733 2628 Catamiti
758 2586 990 2642 pellicatum
1022 2592 1145 2627 totam
1172 2594 1333 2641 gentem
1368 2590 1458 2640 ejus

99 2657 262 2685 vexasse
286 2652 574 2686 commemorat
604 2664 640 2686 ι.
