1758 2903
357 247 562 294 Paridem
579 245 747 301 induit,
764 244 990 307 Virgilius
1013 242 1297 303 Chlorcum3
1322 244 1435 290 adeo
1451 250 1548 290 tum
1564 259 1701 307 quae-

357 324 460 368 dam
488 322 671 384 vigebat
709 323 826 367 ratio
858 329 1094 383 poetarum
1131 329 1268 382 atque
1302 320 1532 367 artificum
1571 336 1703 367 com-

356 398 530 452 munis,
567 397 623 443 ab
642 397 901 443 Homericis
933 397 1233 458 Heroicisque
1255 396 1518 444 rationibus
1563 395 1699 459 longe

355 473 552 530 diversa,
603 474 824 534 Trojanos
858 479 903 518 et
936 471 1168 534 quidquid
1203 471 1262 518 ad
1294 471 1486 518 Iliacum
1524 472 1700 520 bellum

356 549 613 613 spectabat,
638 547 1037 610 repraesentandi.
1065 549 1165 594 Non
1193 556 1260 593 est
1281 548 1428 608 igitur
1450 548 1578 610 quod
1610 549 1699 595 mi-

355 627 476 674 reris
503 625 740 672 medicum
770 624 972 687 lapidem
1001 631 1172 670 retorto
1199 625 1378 670 amictu
1408 625 1702 671 succinctum

355 702 548 750 describi
582 719 591 748 :
619 702 659 748 is
685 702 810 748 enim
837 700 1106 761 Aesculapii
1131 700 1225 747 fere
1255 700 1302 746 in
1324 701 1522 764 picturis
1546 708 1628 748 aut
1650 702 1700 748 in

355 779 519 825 statuis
563 778 748 824 habi²us
773 780 812 835 1;
843 778 1116 838 chlamydem
1151 777 1247 840 geri
1278 776 1337 823 ab
1367 777 1570 824 Ascanio
1596 784 1642 824 et
1675 792 1702 824 a

355 854 535 901 Didone
570 855 784 917 quamvis
819 854 1029 917 chlamys
1068 854 1116 899 in
1143 852 1425 917 supellectili
1458 854 1704 901 Homerica

356 930 485 977 nulla
542 931 629 990 sit3
701 932 880 994 geritur
933 930 1144 994 chlamys
1201 930 1258 976 ab
1327 929 1703 978 adolescentibus

355 1015 454 1054 tum
493 1009 542 1054 in
589 1007 752 1053 multis
805 1007 910 1053 aliis
962 1007 1161 1070 picturis
1212 1023 1412 1069 quarum
1457 1023 1705 1071 argumen-

354 1094 400 1131 ta
462 1085 518 1130 ab
562 1085 752 1130 heroico
801 1100 913 1130 aevo
953 1092 1062 1129 sunt
1100 1087 1313 1144 repetita,
1359 1091 1460 1129 tum
1509 1085 1558 1130 in
1600 1085 1702 1146 pic-

356 1168 458 1207 tura
503 1160 836 1207 Herculanensi
878 1176 903 1205 a
940 1160 1114 1206 Theseo
1155 1162 1238 1222 qui
1283 1161 1499 1207 Centauri
1547 1176 1705 1206 armos

354 1254 474 1301 genu
508 1237 678 1284 obnixo
721 1237 1005 1299 comprimit,
1055 1243 1101 1283 et
1144 1251 1277 1282 coma
1315 1244 1502 1298 arrepta
1535 1235 1704 1299 jugulo

356 1310 556 1360 semiferi
616 1312 823 1376 gladium
873 1313 1125 1365 intentat²;
1168 1311 1355 1374 clypeos
1409 1312 1703 1375 argumentis

354 1390 572 1454 insigniri
613 1406 759 1451 quum
811 1398 855 1436 et
890 1389 1065 1435 fulmen
1103 1389 1400 1451 exsculptum
1443 1387 1699 1452 aliquando

354 1467 535 1530 Ulyssis
573 1466 764 1530 clypeus
790 1473 932 1529 gerat,
979 1474 1021 1511 et
1056 1466 1102 1510 in
1142 1482 1194 1512 ea
1229 1465 1463 1528 Pamphili
1488 1481 1700 1528 gemma,

357 1560 476 1606 quae
502 1543 685 1603 dicitur,
713 1551 852 1606 caput
879 1542 1094 1590 Medusae
1119 1541 1310 1605 clypeus
1331 1541 1524 1603 quidam
1549 1551 1706 1588 osten-

354 1619 481 1679 dat³;
509 1621 653 1682 lyram
687 1628 865 1683 septem
891 1623 989 1683 jam
1011 1618 1197 1665 chordis
1222 1619 1494 1665 instructam
1521 1618 1703 1682 Orpheo

354 1695 474 1755 dari,
500 1711 647 1758 quum
676 1703 858 1741 constet
884 1694 1010 1758 lyrae
1040 1702 1263 1758 quattuor
1299 1701 1483 1741 tantum
1504 1693 1704 1741 chordas

353 1773 491 1820 initio
519 1772 688 1829 fuisse;
726 1772 774 1817 in
804 1772 1138 1828 monumentis,
1171 1771 1268 1817 sive
1302 1771 1510 1818 Achilles
1545 1787 1571 1818 a
1599 1771 1706 1819 Chi-

353 1865 466 1896 rone
486 1849 583 1895 sive
608 1848 832 1912 Olympus
853 1864 880 1895 a
912 1851 1098 1911 Marsya
1132 1847 1309 1895 fidibus
1336 1864 1499 1895 canere
1540 1847 1706 1895 docea-

353 1934 446 1986 tur,
480 1925 606 1989 lyrae
647 1932 822 1987 septem
856 1924 1053 1971 chordas
1101 1932 1181 1971 aut
1218 1925 1359 1971 etiam
1399 1925 1558 1988 plures
1597 1925 1707 1972 licet

354 2053 472 2094 mitre
493 2052 766 2106 phrygienne;
797 2052 845 2091 de
867 2053 995 2091 meme
1012 2051 1130 2091 Paris
1145 2069 1181 2091 ›>.
1208 2051 1267 2091 Cf.
1287 2052 1488 2104 visconti,
1506 2054 1542 2092 Il
1561 2053 1704 2104 Museo,

353 2114 696 2156 Pio-Clenmztmo,
719 2118 747 2149 t.
774 2111 826 2157 II,
856 2125 893 2163 p.
919 2115 982 2160 68,
1005 2118 1097 2150 note
1121 2122 1130 2150 t
1156 2128 1177 2145 t<
1193 2109 1315 2149 L’uso
1334 2109 1374 2149 di
1400 2117 1708 2164 rappresentare

355 2170 412 2223 gli
442 2170 524 2208 croi
551 2169 716 2221 Trojani
741 2182 760 2207 e
787 2168 873 2221 Lidj
912 2168 971 2208 col
1004 2168 1088 2208 loro
1118 2167 1227 2207 abito
1260 2168 1439 2209 Asiatico
1461 2183 1534 2223 per
1559 2168 1707 2210 distin-

353 2231 464 2268 zione
489 2228 538 2267 da
557 2227 675 2267 Greci
698 2227 779 2266 eroi
802 2228 842 2266 l'u
867 2227 1024 2279 scguito
1043 2227 1093 2266 da
1114 2227 1231 2267 Greci
1250 2227 1394 2267 artifici
1421 2242 1470 2267 ne
1497 2228 1540 2267 fu
1569 2228 1707 2268 novita

353 2286 577 2326 introdutto
612 2286 672 2324 da'
699 2286 871 2325 Romani
905 2286 1053 2330 artisti,
1091 2300 1201 2325 come
1230 2286 1361 2326 talano
1394 2287 1445 2326 ha
1474 2295 1642 2340 pensato
1663 2305 1702 2327 ».

357 2348 498 2397 (Amol.
544 2347 648 2384 Rom.
693 2350 806 2392 1785,
842 2354 885 2383 n⁰
925 2346 1131 2391 XLYIII.)
1166 2369 1218 2374 —
1259 2345 1317 2386 Cf.
1366 2345 1599 2395 Overbeck,
1638 2348 1708 2387 Die

352 2405 568 2445 lxihlwerlce
595 2417 687 2443 zum
725 2406 903 2444 leebtsch
928 2419 951 2443 η
983 2407 1065 2444 und
1104 2406 1310 2445 Troisclzcn
1343 2406 1608 2455 HcldertltreiS,
1643 2411 1708 2446 ta-

351 2464 451 2503 bula
472 2464 581 2511 XVI,
610 2467 653 2502 12
676 2469 714 2501 ct
735 2462 903 2516 passim.

411 2528 444 2561 1.
477 2520 589 2561 Conl'.
616 2522 721 2560 Dict.
749 2521 797 2560 dc
822 2521 973 2573 Saglio,
994 2522 1276 2576 Aesculapius.

407 2586 443 2619 2.
479 2580 537 2620 Cf.
568 2581 833 2620 [let-culmum
863 2588 895 2619 el
922 2583 1092 2631 Pompei,
1125 2596 1196 2635 par
1231 2583 1344 2620 lloux
1375 2582 1478 2632 aine,
1507 2588 1536 2622 t.
1567 2581 1621 2632 II,
1646 2587 1707 2621 ta·
1754 2609 1758 2615 -

354 2639 449 2678 bula
471 2639 622 2679 XVIII.
645 2638 703 2679 Cf.
731 2638 951 2687 Overbeck,
981 2641 1043 2678 Die
1063 2641 1288 2688 multem-la,
1314 2639 1450 2679 tabula
1466 2639 1576 2688 XVI,
1600 2645 1665 2680 21.

409 2704 444 2736 3.
477 2697 535 2737 Cf.
564 2696 784 2748 Overbeck,
812 2699 873 2738 Dte
896 2700 1120 2747 liildnn'rlie,
1149 2698 1228 2738 tal).
1254 2700 1362 2749 XVI,
1395 2705 1451 2747 ll,
1476 2704 1540 2739 20.
