1758 2903
867 95 1076 131 -40-

296 180 379 242 qui
402 194 565 226 versus
580 177 701 242 apud
718 181 974 226 Homerum
1002 196 1093 226 non
1112 179 1251 227 semel
1273 181 1508 228 occurrit¹.
1534 183 1646 228 Hec-.

296 262 396 302 tore
422 270 532 302 vero
557 254 786 318 proelium
808 255 933 319 apud
958 271 1097 303 naves
1124 255 1500 321 redintegrante:

853 366 907 405 τοὶ
930 369 961 405 δ’
985 366 1051 415 ἅμ’
1063 366 1191 406 ἕποντο

457 429 529 479 ἠχῇ
553 427 736 476 θεσπεσίῃ,
761 425 819 464 ἐπὶ
849 425 880 463 δ’
898 424 981 476 ἴαχε
1004 425 1086 469 λαὸς
1108 425 1263 469 ὄπισθεν,

464 484 611 539 Ἀργεῖοι
641 486 672 523 δ’
691 484 859 536 ἑτέρωθεν
881 485 1094 537 ἐπίαχον,...

463 601 558 656 Ἦχὴ
583 603 615 642 δ’
638 604 844 657 ἀμφοτέρων
865 601 959 641 ἵκετ’
979 603 1100 656 αἰθέρα
1123 603 1183 642 καὶ
1202 604 1284 647 Διὸς
1308 604 1418 657 αὖγάς
1428 605 1454 642 ⁸.

362 711 479 757 Tum
507 710 546 756 si
574 709 701 773 apud
727 708 979 773 Virgilium
1006 725 1171 757 versus
1196 708 1253 757 de
1279 710 1486 756 tironum
1518 724 1647 755 exer-.

299 786 603 834 citationibus
628 786 868 850 leguntur,

403 896 508 935 Ante
528 894 672 936 urbem
696 895 813 948 pueri
836 900 875 935 et
896 895 1100 950 primaevo
1127 897 1221 936 ssore
1240 897 1436 950 juventus

402 955 650 994 Exercentur
672 953 788 1008 equis
813 953 1091 1009 domitantque
1111 955 1153 994 in
1173 954 1336 1009 pulvere
1357 968 1514 1006 currus,

402 1013 484 1052 Aut
505 1025 616 1052 acres
640 1010 814 1052 tendunt
836 1026 952 1053 arcus
973 1021 1043 1053 aut
1063 1012 1173 1053 lenta
1191 1014 1352 1054 lacertis

408 1070 574 1125 Spicula
591 1077 874 1126 contorquent,
898 1085 1100 1127 cursuque
1123 1072 1288 1127 ictuque
1308 1073 1545 1121 lacessunt³,

298 1188 388 1218 non
419 1180 488 1219 est
508 1189 593 1220 cur
615 1173 836 1220 continuo
861 1179 995 1237 putes
1028 1172 1086 1220 ad
1112 1175 1368 1220 Romanam
1399 1180 1643 1219 consuetu-

297 1247 455 1295 dinem
479 1247 628 1295 alludi
646 1255 707 1309 et,
729 1257 844 1296 teste
863 1249 1047 1312 Vegetio
1060 1251 1090 1309 ⁸,
1121 1249 1385 1296 salitionem
1411 1264 1640 1312 equorum

297 1340 390 1371 non
428 1313 609 1371 tantum
645 1340 672 1371 a
709 1324 946 1372 tironibus
976 1325 1057 1372 sed
1092 1326 1230 1372 etiam
1261 1342 1288 1373 a
1321 1324 1643 1389 stipendiariis

296 1400 532 1448 militibus
561 1400 764 1447 districte
791 1411 997 1448 exactam
1026 1402 1168 1448 fuisse
1188 1400 1465 1461 admoneas;
1494 1416 1644 1464 neque

298 1477 423 1524 enim
447 1485 626 1524 tantum
659 1480 829 1525 Romae
860 1477 917 1524 ad
949 1477 1170 1524 militiam
1195 1482 1394 1542 Juvenes
1418 1477 1645 1525 exercitiis

296 1553 657 1601 formabantur⁸.
684 1557 783 1602 Jam
801 1571 907 1602 vero
929 1553 1038 1601 inde
1064 1554 1122 1601 ab
1141 1554 1416 1617 antiquitate
1436 1543 1647 1601 remotis-

298 1631 421 1678 sima
460 1638 505 1677 et
541 1633 757 1678 eoecubiae
789 1633 1060 1694 viqiliaeque
1097 1631 1355 1695 agebantur
1392 1637 1437 1676 et
1470 1631 1642 1691 Iapides

297 1709 506 1768 iqnesque
530 1706 587 1754 ad
615 1707 840 1754 arcendos
865 1708 1023 1754 hostes
1047 1723 1070 1753 e
1097 1708 1244 1754 muris
1264 1705 1575 1770 jaciebantur,
1598 1716 1643 1753 et

295 1788 440 1845 fossae
460 1783 796 1846 implebantur,
815 1792 858 1831 et
881 1785 1030 1831 muris
1054 1783 1409 1848 apponebantur
1427 1784 1577 1830 scalae
1598 1792 1643 1830 et

296 1876 427 1907 arma
456 1876 509 1907 ex
547 1860 761 1907 hostibus
787 1870 920 1925 capta
946 1861 1132 1925 templis
1156 1868 1235 1907 aut
1260 1859 1480 1907 domibus
1509 1861 1646 1921 affigi

296 1936 542 1984 solebanff.
577 1937 645 1983 Ad
681 1938 826 1984 vitam
867 1937 1097 2001 privatam
1137 1937 1178 1983 si
1214 1937 1470 1983 orationem
1501 1943 1643 1982 verte·
1699 1968 1705 1974 ³

294 2029 419 2069 muS‚
453 2016 641 2074 justitia
679 2013 866 2076 quidem
902 2021 946 2060 et
976 2016 1124 2074 pietas
1162 2020 1207 2059 et
1244 2013 1459 2072 fortitudo
1491 2011 1640 2075 pluris

293 2089 418 2154 apud
446 2091 680 2137 Romanos
704 2089 1026 2150 habebantur-3
1059 2105 1143 2136 nec
1163 2096 1316 2136 tamen
1346 2087 1471 2153 apud
1500 2090 1640 2143 Grae-

350 2242 385 2280 1.
415 2240 464 2279 Il.
490 2239 605 2291 XIII,
628 2243 717 2279 540.

346 2302 386 2338 2.
417 2299 520 2338 Ibid.
544 2302 634 2338 833.
655 2297 715 2339 Cf.
737 2298 849 2350 XIV,
875 2302 968 2345 400;
994 2298 1105 2349 XVI,
1127 2302 1219 2337 267.

346 2361 385 2397 3.
417 2361 510 2397 Aen.
537 2357 630 2410 VII,
661 2362 746 2398 162.

344 2420 384 2456 4.
414 2416 449 2467 Ι,
474 2420 532 2456 18.

347 2478 384 2514 5.
416 2472 477 2516 Cf.
508 2473 693 2520 Hesiod.‚
711 2475 875 2515 Scutum
893 2477 1086 2527 Herculis,
1115 2480 1207 2525 285,
1232 2475 1286 2514 τοὶ
1307 2474 1337 2512 δ’
1357 2467 1400 2512 αὖ
1421 2473 1639 2525 προπάροιθε

291 2532 422 2582 πόληος
446 2533 452 2586 Ι
477 2536 557 2572 νῶθ’
572 2533 693 2573 ἵππων
716 2534 900 2578 ἕπιὸάντες
921 2535 1065 2574 ἐθύνεον.

347 2597 385 2632 6.
415 2591 648 2633 Friedreich
667 2594 750 2645 (Die
767 2595 937 2645 Reacien,
959 2607 999 2647 p.
1023 2594 1105 2645 152)
1131 2591 1330 2646 respicere
1348 2589 1466 2645 jubet
1488 2588 1539 2630 ad
1561 2588 1637 2630 Bi-

290 2649 388 2702 Μία,
421 2657 454 2692 1.
473 2652 522 2703 Β,
544 2651 721 2703 Samuel,
749 2658 813 2705 31,
840 2658 911 2703 20;
930 2653 1124 2702 Pausm,
1146 2653 1231 2705 LX,
1255 2665 1289 2692 c.
1315 2666 1355 2693 x.
