1758 2903
880 122 1088 157 -94-

312 212 544 269 quantum
595 220 622 251 a
668 204 967 268 simplicitate
1007 206 1203 269 antiqua
1260 207 1510 253 secessisse
1572 222 1659 254 nec
1696 202 1701 206 ⁴

311 280 570 328 absurdum
612 282 803 344 putabis
841 282 916 328 hic
945 282 1164 330 Macrobii
1212 282 1352 330 verba
1381 298 1610 346 usurpare
1643 299 1655 330 :

317 378 338 400 «
383 357 558 404 heroici
588 357 733 404 seculi
763 357 1050 421 pudicitiam·
1067 367 1112 405 et
1142 360 1287 405 nostri
1324 358 1547 406 conduxit
1575 357 1661 406 ele-

313 434 519 495 gantiam
542 437 554 459 ¹
586 454 605 476 ι)
633 433 828 495 Fulgore
853 433 1057 496 quodam
1082 436 1404 481 conviviorum
1427 437 1659 482 Romano-

311 526 419 557 rum
462 511 721 574 virgiliana
752 526 911 569 coena,
941 512 1006 557 ait.
1032 510 1231 573 gallicus
1264 511 1464 573 scriptor
1482 514 1515 570 ²,
1561 510 1658 557 cla-

316 587 480 645 rescit;
512 586 635 648 quod
665 602 775 632 sane
800 603 960 634 verum
984 596 1070 644 est,
1102 586 1184 632 sed
1210 586 1514 649 simplicitate
1544 603 1661 650 qua-

317 661 424 708 dam
452 671 495 708 et
522 662 742 725 religione
772 664 965 726 antiqua
992 663 1238 725 temperari
1265 662 1392 709 hune
1425 662 1656 727 fulgorem

317 739 542 786 fateamur
564 756 746 786 neeesse
765 748 850 787 est.

382 819 477 863 Hoe
497 823 651 862 tamen
677 817 723 862 in
751 817 848 863 loco
874 822 994 863 recte
1018 815 1190 863 dixeris
1218 816 1555 879 antiquitatem
1575 818 1664 864 Ro-

319 909 510 939 manam
545 909 651 940 eum
673 893 862 940 heroica
895 893 1113 939 collatam
1141 908 1421 955 magnopere
1449 908 1664 956 praegra-

320 985 446 1017 vare.
476 970 601 1016 Alter
627 970 761 1016 nobis
794 969 928 1016 loeus
971 968 1276 1032 explicandus
1321 978 1409 1026 est,
1456 969 1498 1015 si
1552 968 1668 1016 forte
1737 983 1743 987 ·

320 1047 508 1092 heroica
532 1046 670 1092 latius
707 1054 859 1107 patere
881 1046 1331 1092 animadvertamus.
1357 1047 1526 1092 Sextus
1550 1043 1668 1091 liber

323 1122 472 1169 nobis.
508 1122 877 1169 commodiorem
932 1121 991 1168 ad
1036 1121 1375 1185 disputandum
1421 1121 1668 1168 materiam

320 1198 507 1246 videtur
531 1198 848 1262 suppeditare.

390 1268 533 1322 Multa
559 1275 606 1321 in
628 1275 715 1322 hoc
742 1291 930 1338 quoque
948 1277 1155 1322 Romana
1187 1289 1306 1333 esse,
1333 1273 1482 1320 multa
1505 1288 1669 1321 reeen-

324 1353 459 1398 tioris
487 1352 586 1398 aevi
614 1353 750 1414 quasi
782 1358 892 1397 nota
923 1352 1124 1415 signata,
1161 1366 1252 1397 non
1274 1360 1341 1397 est
1376 1349 1501 1413 quod
1533 1365 1673 1413 nege-

324 1443 447 1472 mus,
473 1427 573 1472 Jam
600 1442 688 1472 non
714 1425 838 1488 apud
865 1425 1153 1479 Cimmerios,
1176 1434 1225 1471 ut
1249 1423 1373 1487 apud
1399 1426 1668 1484 Homerum,

325 1519 518 1549 aversus
546 1519 572 1548 a
595 1502 705 1560 sole,
724 1503 878 1547 aditus
904 1508 1030 1565 patet
1047 1501 1104 1548 ad
1121 1501 1316 1559 inferos3
1339 1500 1420 1547 sed
1433 1502 1671 1565 proximas

326 1580 485 1626 Cumis
525 1580 629 1626 Orci
660 1588 815 1640 portas
842 1578 1071 1640 Virgilius
1112 1578 1252 1624 fuisse
1290 1579 1371 1634 ait,
1396 1577 1669 1640 opinionem

325 1654 541 1702 videlieet
590 1662 780 1702 secutus
818 1670 938 1717 quae
963 1655 1059 1717 jam
1090 1670 1259 1700 nomen
1285 1654 1568 1701 Acherusiae
1592 1669 1674 1718 pa-

327 1731 423 1778 ludi
452 1730 726 1778 indiderat³.
755 1733 952 1778 Sacrum
979 1738 1156 1790 autem,
1183 1730 1308 1794 quod
1343 1731 1400 1777 ab
1435 1730 1595 1778 Aenea
1621 1730 1671 1777 in

386 1907 420 1941 1.
451 1900 656 1947 Macrob.‚
681 1902 866 1953 Satura„
893 1902 947 1954 Π,
978 1906 1014 1940 1.

381 1966 419 2000 2.
453 1959 761 2009 Sainte—Beuve,
787 1953 927 2000 E'tudes
947 1973 1017 2000 sur·
1045 1962 1199 2011 Virqile,
1221 1975 1264 2015 p.
1287 1966 1377 2001 313.

381 2025 418 2058 3.
449 2019 577 2072 Atqui
608 2019 859 2070 grammatici
887 2018 1044 2071 antiqui
1067 2019 1267 2072 putabant
1294 2017 1533 2072 Campaniae
1556 2017 1674 2058 littus

327 2078 449 2119 etiam
473 2077 522 2117 al)
546 2079 736 2127 Homero,
770 2085 922 2117 mutato
953 2078 1130 2126 nomine,
1161 2077 1409 2132 descriptum
1438 2075 1578 2117 fuisse.
1608 2076 1670 2118 Cf.

327 2137 458 2185 Serv.‚
481 2135 530 2176 ad
550 2137 620 2186 VI,
645 2141 773 2176 1061«
797 2136 1036 2189 Quanquam
1062 2136 1239 2188 fingatur
1257 2135 1298 2175 in
1326 2142 1502 2175 extrema
1522 2135 1671 2176 Oceani

325 2203 438 2250 parte
469 2193 636 2248 Ulysses
669 2194 817 2243 suisse3
859 2193 967 2248 quod
993 2202 1030 2233 et
1063 2194 1151 2248 ipse
1181 2195 1382 2234 Homerus
1408 2193 1554 2234 salsum
1584 2206 1674 2235 esse

327 2254 503 2295 ostendit
525 2268 569 2293 ex
589 2253 781 2307 qualitate
800 2253 977 2293 locorum
1001 2267 1103 2307 quae
1123 2260 1491 2293 commemorantur
1509 2259 1549 2292 et
1568 2258 1675 2292 tem-
1739 2300 1742 2302 μ

326 2328 423 2369 pore
455 2312 738 2365 navigationis.
768 2312 875 2352 Dicit
897 2312 1003 2352 enim
1031 2326 1121 2351 eum
1152 2311 1256 2352 circa
1290 2311 1438 2364 (Guelf.
1464 2312 1500 2363 I,
1532 2325 1558 2352 a
1582 2313 1674 2353 Cir-

328 2375 423 2423 ceio)
453 2386 534 2411 una
558 2379 672 2412 nocte
699 2371 768 2423 (al.
801 2374 907 2412 circa
938 2385 1062 2411 unam
1088 2373 1249 2422 noctem)
1282 2371 1496 2424 navigasse
1523 2383 1531 2410 :
1558 2377 1598 2410 et
1621 2369 1673 2410 ad

326 2430 459 2470 locum
481 2430 653 2479 venisse,
681 2429 820 2483 inquo
845 2429 943 2469 haec
970 2443 1080 2468 sacra
1105 2429 1276 2482 perficit.
1305 2427 1422 2478 Quod
1440 2427 1488 2468 de
1513 2428 1672 2468 Oceano

326 2503 408 2528 non
431 2488 611 2542 procedit
639 2501 647 2527 ι
673 2488 720 2528 de
743 2488 960 2542 Campania
983 2486 1361 2527 manifestissimum
1389 2495 1449 2527 est
1471 2490 1534 2539 [ut
1560 2486 1672 2527 hisce

327 2547 513 2586 versibus
548 2552 720 2586 testatur
763 2546 870 2586 idem
918 2547 1117 2585 Homerus
1161 2548 1245 2598 (041.
1281 2549 1318 2595 λ,
1362 2548 1456 2598 19);
1495 2545 1590 2584 Ἀλλ’
1614 2545 1673 2583 ἐπὶ

332 2607 388 2647 νὺξ
412 2623 445 2646 κ.
472 2623 505 2644 τ.
528 2608 599 2656 λ.].
627 2607 839 2645 Praeterea
855 2620 877 2645 a
897 2604 994 2644 Baio
1025 2606 1133 2644 socio
1156 2606 1242 2658 ejas
1266 2604 1350 2644 illic
1371 2611 1530 2644 mortuo
1555 2603 1676 2644 Baias

330 2672 485 2704 constat
511 2680 597 2704 esse
622 2664 863 2706 nominatas.
893 2665 1052 2705 Dicitur
1084 2663 1203 2704 etiam
1239 2664 1388 2705 vidisse
1419 2663 1634 2704 Herculem
1660 2674 1668 2701 :
