1758 2903
672 147 912 183 *Ill-—

107 248 218 281 'rum
255 240 521 296 'temporum
562 231 815 279 rusticitate
856 238 997 294 atque
1036 230 1284 293 asperitate
1322 228 1460 294 paulo

113 310 436 358 insolentiores
453 325 553 355 esse
568 307 806 356 videntur!
830 323 993 371 nempe
1009 314 1060 354 ut
1074 307 1288 354 homines
1307 305 1460 370 pluris

109 386 435 434 conscientiam
455 400 598 447 quam
611 384 796 431 laudem
811 384 1070 446 etpraemia
1086 384 1305 441 facerent,
1321 382 1461 446 longa.

108 471 254 522 aetas,
296 462 531 526 plurimae
568 461 858 523 sapientium
898 459 1237 524 disputationes
1278 467 1461 505 tantum

111 539 288 586 efficere
314 544 582 602 potuerunt.
609 540 710 585 Jam
729 553 839 584 vero
854 538 1101 594 Fortunae,
1121 541 1256 599 quus
1280 536 1389 583 deae
1410 551 1464 582 ne

114 630 286 661 nomen
313 613 503 677 quidem
532 613 719 660 heroico
752 618 960 676 tempore
991 612 1178 659 videtur
1206 612 1347 659 fuisse
1375 628 1460 658 no-

114 699 233 747 tum,
261 706 372 737 suae
408 697 517 737 sunt
551 688 677 753 apud
712 690 963 753 Virgilium
999 695 1172 753 partes,
1204 705 1345 736 suum
1373 704 1462 736 nu·

114 783 238 814 men.

175 847 267 891 Nec
294 852 451 890 tamen
477 842 732 905 antiquitas
758 843 1003 889 Homerica
1031 842 1093 888 ita
1120 841 1301 888 deserta
1326 842 1414 889 fuit
1439 858 1466 889 a

114 927 244 984 poeta
282 927 334 966 ut
369 930 606 982 nusquam
643 934 691 964 se
730 917 983 965 videndam
1022 934 1189 965 rursus
1229 918 1461 976 ostendat3

111 997 225 1053 imo,
249 996 382 1059 quasi
405 1003 582 1042 stamen
607 995 720 1042 telae
741 994 986 1058 enjusdam
1007 995 1197 1042 videtur
1221 1011 1342 1052 esse,
1366 996 1464 1053 cui,

114 1073 246 1135 quasi
260 1072 543 1132 subtemina,
557 1071 918 1119 consuetudines
934 1074 1168 1119 Romanas
1182 1081 1263 1119 aut
1282 1071 1466 1118 Italicas

113 1149 338 1213 Virgilius
355 1150 574 1196 annectit.
595 1149 806 1195 Primum
825 1157 948 1195 totus
965 1149 1093 1196 locus
1109 1148 1207 1196 loco
1223 1149 1467 1196 Homerico

114 1227 410 1285 simihimus,
436 1234 574 1288 atque
598 1242 649 1272 eo
674 1226 877 1272 imitati.)
912 1226 1159 1289 processit,
1184 1234 1235 1272 ut
1258 1226 1461 1288 Trojani,

113 1319 233 1366 quos
260 1311 389 1365 poeta
413 1303 567 1348 nescio
589 1318 680 1364 qua
695 1302 885 1348 lenitate
900 1302 1076 1365 ingenii
1097 1301 1334 1365 praeditos
1353 1301 1468 1348 solet

114 1380 390 1442 depingere,
418 1378 492 1424 hic
520 1377 746 1441 singulari
772 1379 1010 1425 atrocitate
1037 1378 1301 1437 lasciviant,
1322 1385 1375 1424 ut
1392 1381 1469 1440 Ju-

112 1470 255 1501 venes
273 1454 367 1501 duo
388 1453 624 1500 Diomedis
644 1463 782 1516 atque
796 1454 978 1517 Ulyssis
998 1455 1224 1501 feritatem
1243 1454 1465 1510 referant,

106 1539 164 1578 ‚ut
189 1547 306 1594 quos
334 1531 392 1578 ob
421 1531 641 1577 virtutem
670 1539 811 1594 atque
845 1531 1102 1577 amicitiam
1137 1540 1351 1578 mutuam
1376 1531 1466 1576 mi-

115 1623 298 1666 ramur,
336 1615 525 1671 propter
559 1607 706 1653 fatum
742 1607 1107 1664 miserescimus,
1144 1623 1241 1665 eos,
1283 1615 1469 1671 propter

114 1683 271 1731 caedis
294 1684 426 1731 illam
451 1685 649 1731 nimiam
684 1684 751 1748 (ut
777 1685 841 1731 ait
865 1685 967 1748 ipse
992 1684 1242 1747 Virgilius)
1273 1683 1468 1746 cupidi-

114 1766 255 1805 tatem
284 1759 442 1806 minus
469 1759 697 1805 miremur
719 1774 770 1805 ac
794 1758 1168 1805 miserescamus.
1191 1760 1334 1805 Nisus
1358 1773 1469 1805 vero

114 1835 313 1882 adtende
333 1851 475 1898 quam
499 1851 589 1881 non
615 1851 739 1881 unus
765 1835 826 1880 sit
847 1850 870 1881 e
886 1836 1131 1892 Romanis,
1147 1833 1226 1881 sed
1247 1851 1300 1881 ex
1320 1834 1472 1881 heroi—

115 1911 202 1958 bus
237 1912 427 1973 aliquiS,
457 1927 576 1973 quos
610 1913 837 1957 Homerus
861 1911 995 1957 nobis
1026 1919 1130 1957 ante
1163 1910 1326 1957 oculos
1354 1911 1472 1958 solet

117 1986 401 2051 proponere!
435 1990 468 2034 Ε
496 1996 623 2050 patre
650 1990 849 2051 Hyrtaco
875 1996 1009 2034 ortus
1034 1994 1121 2047 est,
1148 1987 1272 2051 quod
1299 2004 1469 2035 nomen

114 2069 208 2127 jam
229 2066 275 2111 in
297 2063 440 2112 Iliade
457 2065 657 2110 occurrit
681 2080 732 2110 ac
757 2064 912 2110 nescio
931 2081 1072 2125 quam
1092 2066 1320 2128 originem
1334 2064 1471 2110 Asia-

115 2142 253 2188 ticam
293 2156 404 2204 prae
440 2156 488 2187 se
522 2140 707 2187 videtur
739 2141 881 2199 ferre3
918 2157 1010 2187 non
1049 2150 1143 2187 tam
1178 2141 1371 2187 bellator
1403 2149 1474 2188 est

116 2234 256 2282 quam
273 2226 480 2268 venator,
499 2218 655 2281 gladio
672 2217 864 2281 quidem
885 2220 1049 2276 utitur,
1069 2218 1260 2281 saepius
1283 2219 1474 2278 «jaculo

118 2297 370 2355 levibusque
392 2297 568 2355 saqittis
585 2317 627 2341 ».
646 2296 839 2342 Hastilia
862 2295 1038 2359 quibus
1060 2301 1267 2341 armatus
1289 2296 1472 2341 Aeneas

115 2376 153 2420 it
183 2381 428 2429 venatum,
458 2388 614 2419 secum
653 2373 787 2435 gerit,
822 2372 937 2419 dum
977 2379 1128 2418 castra
1153 2371 1313 2417 Turmi
1338 2376 1473 2417 nocte

116 2449 355 2512 pervadit3
375 2449 629 2496 hastilibus
659 2449 932 2496 Sulmonem
952 2457 994 2495 et
1013 2451 1211 2512 Tagum,
1232 2448 1363 2511 quasi
1382 2447 1474 2495 bele

116 2526 236 2584 luas,
255 2524 525 2573 transfodit.
543 2525 675 2583 Quod
700 2527 741 2572 si
766 2542 891 2572 nunc
912 2525 970 2572 ad
994 2524 1363 2572 consuetudines
1382 2524 1471 2571 hoc

116 2603 216 2649 loco
239 2612 515 2649 memoratas
537 2603 861 2667 respiciemus,
883 2602 1126 2666 apparebit
1143 2601 1395 2664 plerasque
1413 2601 1472 2649 ab

118 2680 316 2726 Homero
351 2679 541 2726 haustas
570 2698 579 2723 ε
614 2694 729 2726 auro
767 2679 1064 2726 redimuntur
1097 2693 1334 2725 caesorum
1368 2693 1470 2725 cor-
