1758 2903
891 53 1103 88 ..44-

322 141 428 197 post
453 141 650 181 mortem
669 137 880 194 pressis¹,
923 135 982 183 de
1022 152 1207 198 corpore
1247 137 1518 198 compellato,
1542 139 1678 199 depo-

320 213 422 271 sito,
451 212 552 269 loto,
571 219 717 271 uncto,
746 220 918 259 servato
941 229 1023 276 per
1049 221 1153 260 octo
1182 213 1329 271 dies',
1359 213 1415 260 de
1434 216 1679 275 purpureis

319 288 513 334 vestibus
535 303 674 350 super
692 287 890 334 cadaver
918 289 1152 352 injectis³,
1180 289 1238 336 de
1264 289 1546 336 mulieribus
1565 305 1674 353 pcc-

320 368 421 407 tora
456 370 501 408 et
527 361 692 409 faciem
714 361 1067 422 tundentibus‘,
1099 363 1155 411 de
1179 364 1366 412 ossibus
1386 368 1491 412 vino
1520 381 1676 428 asper-

319 438 426 497 sis⁸,
449 437 619 485 deinde
647 441 788 499 lectis,
831 438 887 486 de
911 442 1166 487 nouissimis
1190 442 1354 500 verbis,
1385 440 1441 488 (16
1465 441 1674 505 sepulcro

319 513 525 561 defuncti
552 517 805 575 insignibus
835 527 999 562 ornato
1014 518 1044 577 ⁶,
1074 533 1229 564 sermo
1253 525 1354 576 est3
1395 517 1542 564 multa
1566 533 1673 564 rur-

317 607 399 638 sus
423 606 450 637 a
474 591 616 638 totius
629 592 942 655 antiquitatis,
969 594 1250 656 praesertim
1270 609 1456 656 graecae
1478 608 1672 641 consue-

316 666 564 714 tudinibus
586 684 681 714 non
721 668 1009 731 discrepare.
1045 678 1096 716 ut
1121 686 1286 733 quum,
1323 671 1537 717 tubicines
1564 685 1673 733 pro·

316 745 497 802 deunt⁷,
520 747 667 806 spolia
689 744 892 792 hostium
912 746 959 792 in
984 745 1109 793 busti
1134 748 1290 810 ignem
1313 747 1668 809 conjiciuntur⁸,

316 829 550 869 vertuntur
586 839 733 882 arma,
772 824 924 869 odores
959 821 1294 869 incenduntur.
1322 825 1454 880 Quae
1487 823 1667 880 omnia,

317 916 464 962 quum
482 903 683 947 Homero
708 910 790 946 aut
814 901 1002 948 Graecis
1030 915 1123 946 non
1145 899 1590 963 fuerintincognita,
1616 908 1668 948 ut

314 976 515 1023 Lerschii
550 977 789 1040 proposito
825 993 920 1023 non
970 974 1227 1022 admodum
1272 984 1556 1039 repugnant,
1601 977 1668 1024 ita

314 1059 439 1099 certe
459 1052 515 1098 ad
543 1052 918 1099 confirmandum
938 1068 1104 1116 parum
1131 1051 1305 1098 valent.

378 1130 563 1176 Fatetur
589 1127 780 1191 quidem
804 1129 1053 1176 Lerschius
1077 1127 1307 1174 nonnulla
1327 1143 1381 1174 ex
1409 1127 1486 1174 his
1515 1144 1670 1191 neque

313 1204 372 1251 ab
392 1205 670 1268 antiquitate
693 1206 865 1253 Graeca
879 1221 1031 1269 neque
1047 1221 1073 1251 a
1090 1206 1251 1252 Latina
1271 1205 1422 1252 aliena
1437 1221 1560 1265 esse3
1583 1204 1665 1252 sed

313 1282 581 1344 quasieum
618 1281 929 1329 confessionis
970 1282 1220 1346 poeniteat,
1246 1281 1414 1329 addere
1447 1289 1667 1345 properat

313 1372 366 1404 ea
390 1358 492 1404 sine
518 1357 663 1405 dubio
688 1375 741 1406 ex
764 1359 1044 1422 antiquitate
1067 1359 1229 1405 Latina
1251 1374 1279 1405 a
1302 1357 1498 1419 Vir-gilio
1518 1357 1665 1405 fuisse

310 1442 456 1480 eruta.
496 1434 685 1480 Homeri
725 1435 1034 1497 temporibus,
1076 1435 1273 1497 inquit⁹,
1314 1437 1361 1481 in
1400 1451 1490 1481 usu
1519 1433 1664 1481 fuisse

311 1509 516 1575 videtur,
543 1512 695 1558 virum
719 1513 888 1559 virtute
927 1512 1124 1569 clarum,
1159 1528 1291 1576 reges
1318 1513 1474 1574 itaque
1494 1511 1664 1575 impri-

311 1587 402 1634 mis
440 1588 499 1635 ob
545 1591 703 1635 suain
731 1588 958 1651 populum
1009 1590 1176 1636 merita
1221 1604 1333 1653 agro
1368 1588 1558 1647 donari,
1579 1588 1661 1650 qui

309 1666 472 1726 τέμενος
513 1672 781 1731 vocaturn...
810 1681 863 1712 ex
907 1680 999 1728 quo
1037 1681 1163 1711 more
1204 1664 1552 1727 explicaverunt
1570 1663 1660 1710 viri

366 1897 401 1933 1.
435 1892 504 1933 Od.
532 1892 605 1942 XI,
628 1897 721 1936 425.
752 1894 846 1933 Οὗδέ
871 1910 930 1945 μοι
963 1895 1045 1941 ἔτλη
1079 1892 1166 1931 ἴοντι
1196 1908 1264 1944 περ
1301 1893 1349 1935 εἷς
1389 1889 1504 1930 Ἀΐδαο
1527 1891 1534 1941 1
1557 1891 1663 1944 χερσὶ

308 1951 388 1990 κατ’
407 1952 606 2005 ὀφθαλμοὺς
630 1954 755 2000 ἑλέειν,
781 1952 840 1993 σύν
863 1970 901 1992 τε
923 1953 1026 2003 στόμ’
1045 1955 1191 2005 ἐρεῖσαι.

363 2015 400 2050 2.
435 2012 506 2052 Od.
539 2012 611 2058 ΙΧ,
633 2017 697 2053 63.
729 2014 778 2053 Il.
812 2012 924 2059 XIX,
952 2017 1028 2051 212
1055 2024 1063 2050 ζ
1091 2011 1157 2049 ἀνὰ
1188 2011 1359 2063 πρόθυρον
1390 2008 1656 2062 τετραμμένος;

306 2069 439 2122 XVII,
464 2075 560 2121 3513
590 2071 739 2123 XXIV,
765 2073 863 2120 720;
888 2071 1038 2123 XXIV,
1060 2074 1151 2111 785.

361 2134 400 2169 3.
431 2131 481 2170 Il.
505 2130 659 2178 XVIII,
682 2133 757 2169 353
785 2141 793 2168 t
818 2130 935 2182 φάρει.
958 2131 1031 2170 Od.
1053 2130 1109 2180 II,
1133 2132 1267 2170 97-99.
1288 2129 1336 2168 Il.
1362 2127 1512 2180 XXIV,
1538 2132 1630 2170 795.

359 2192 397 2228 4.
428 2190 477 2229 Ιι.
503 2189 615 2240 XIX,
643 2194 745 2239 2843
770 2188 844 2241 XI,
872 2194 963 2230 393.

360 2251 396 2287 5.
428 2246 583 2298 XXIII,
611 2253 702 2288 237.

359 2309 397 2345 6.
432 2307 502 2346 od.
528 2307 622 2357 XII,
651 2311 741 2349 157.

360 2369 397 2405 7.
429 2364 489 2406 Cf.
521 2365 646 2414 Plat.‚
681 2368 732 2407 De
753 2367 841 2418 leq„
868 2365 940 2407 lib.
967 2367 1039 2407 IX.
1064 2365 1231 2414 Athen,
1267 2364 1342 2405 lib.
1378 2364 1489 2418 XIV,
1517 2377 1553 2405 c.
1587 2377 1654 2417 ιιι,

301 2427 547 2535 μὲιῖρυά
583 2482 806 2522 Homerum
845 2497 955 2522 arma
994 2489 1152 2523 tantum
1189 2481 1368 2522 defuncti
1402 2480 1653 2522 comburun-

303 2546 386 2592 tur,
405 2542 454 2582 Il.
481 2541 635 2592 XXIII,
661 2547 746 2583 170.
768 2543 837 2582 Od.
862 2542 1011 2590 XXIV,
1039 2546 1101 2582 68.
1128 2543 1197 2582 Od.
1221 2542 1294 2593 XI,
1318 2546 1382 2583 74.

357 2603 394 2640 9.
428 2601 479 2641 De
502 2602 657 2641 Morum
673 2603 717 2642 in
739 2604 902 2643 Aeneide
925 2603 1079 2653 habitu,
1104 2615 1143 2654 p.
1168 2606 1232 2642 41,
