1758 2903
885 33 1094 69 ..18—

314 135 451 168 suum
474 118 568 166 illis
589 126 659 167 est
682 135 873 178 numen,
901 136 985 166 sua
1010 135 1230 183 persona;
1260 121 1448 167 Penates
1472 119 1657 183 quidem

314 204 506 244 naturae
536 196 722 244 divinae
754 197 900 260 magis
934 198 1202 260 participes,
1240 199 1375 243 Lares
1406 196 1658 249 humanae,

311 274 497 333 utrique
529 289 632 321 vero
661 273 815 323 Geniis
845 273 940 318 illis
967 272 1309 320 annumerandi
1348 289 1464 336 quos
1496 288 1662 337 super-

312 350 437 397 stitio
464 349 624 397 Italica
649 350 1004 412 excogitaverat.
1035 351 1186 404 Quare
1213 365 1306 395 non
1327 358 1395 396 est
1420 349 1545 413 quod
1571 349 1662 396 mi-

312 428 427 473 reris
454 429 648 474 Penates
673 429 901 488 Laresque
929 440 1037 471 cum
1068 426 1174 489 igne
1205 441 1337 472 sacro
1368 425 1493 489 apud
1513 427 1662 490 Virgi-

312 504 425 550 lium
453 519 634 566 semper
661 502 902 567 conjungi,
927 517 1088 548 eorum
1124 517 1226 548 aras
1260 502 1307 548 in
1338 502 1456 549 atrio
1488 503 1663 565 positas

310 596 412 627 esse
454 587 592 642 atque
637 578 842 625 flammis
883 577 1085 637 adoleri,
1128 581 1340 636 Aenean,
1385 579 1423 625 si
1470 578 1659 642 quando

309 656 528 719 precibus
572 671 651 702 eos
689 662 950 713 veneretur,
999 654 1058 700 ad
1097 655 1257 702 focum
1296 654 1468 713 libare,
1512 670 1661 718 quum

311 734 473 780 nullus
506 731 690 779 dicatur
725 732 851 795 ignis
883 731 931 777 in
961 732 1089 778 Jovis
1122 731 1280 778 Hercei
1317 746 1398 777 ara
1436 746 1660 778 accensus

310 809 378 855 fni
409 825 456 855 se
484 825 494 855 :
527 810 684 855 Latina
713 815 822 854 sunt
845 807 958 854 haec
985 809 1162 865 omnia,
1190 815 1234 853 et
1257 808 1324 854 Dii
1349 816 1393 853 et
1420 823 1659 853 sacrorum

309 887 454 944 ritus3
509 884 786 948 religionem
832 884 1039 931 Italicam
1090 885 1419 948 comp⁸ectitur
1458 885 1658 942 Aeneas,

310 961 485 1008 nedum
513 976 643 1006 suam
671 960 925 1023 importet¹.

375 1035 628 1080 Veniamus
650 1049 795 1091 nune,
824 1031 1043 1079 Lerschio
1073 1041 1343 1095 praeeunte,
1363 1032 1421 1080 ad
1446 1032 1663 1095 singulos

308 1112 447 1158 Deos.
482 1106 583 1157 Jovi
616 1111 822 1156 Anoeur0²
848 1109 1160 1169 occurrimus,
1191 1125 1334 1172 quem
1365 1112 1593 1157 Homerus
1619 1117 1664 1156 et

309 1188 470 1235 Graeci
517 1187 712 1233 omnino
763 1186 1115 1248 ignoraverunt.
1176 1189 1296 1234 ,Iuno
1340 1203 1433 1233 non
1477 1193 1661 1233 tantum

309 1265 500 1328 Argiva,
529 1264 704 1322 Samia,
732 1262 811 1310 sed
843 1263 1018 1310 Gabina
1043 1261 1220 1322 audit³3
1251 1262 1375 1326 quod
1401 1278 1660 1328 cognomen

308 1477 486 1513 nervam,
510 1463 605 1503 deos
627 1462 782 1502 scilicet
802 1476 874 1516 per
892 1476 994 1517 quos
1015 1462 1219 1517 spiramus
1241 1468 1280 1502 et
1297 1475 1442 1516 corpus
1462 1461 1661 1502 habemus

307 1531 348 1564 et
370 1522 495 1563 animi
517 1522 693 1562 rationes
715 1520 989 1576 possidemus,
1007 1535 1096 1562 esse
1119 1521 1442 1562 dixerunt.Haec
1457 1519 1661 1576 posterius

307 1582 402 1622 ficta
421 1596 444 1621 a
469 1580 598 1622 doctis
628 1580 865 1621 hominibus
894 1580 1083 1620 videntur
1114 1581 1242 1620 fuisse
1273 1580 1345 1634 qui
1376 1593 1442 1620 res
1477 1586 1660 1620 externas

309 1655 401 1682 cum
426 1639 578 1680 Italicis
610 1639 778 1679 miscere
813 1639 1124 1690 contendebant,
1151 1653 1224 1679 nec
1253 1639 1342 1678 fieri
1370 1652 1489 1693 posse
1522 1634 1662 1679 erede-

310 1700 420 1750 bant,
459 1706 504 1738 ut
533 1697 592 1737 dii
631 1698 701 1751 qui
740 1697 886 1751 Magni
918 1698 1121 1749 audirent,
1149 1712 1231 1738 non
1263 1696 1387 1737 iidem
1423 1704 1560 1737 essent
1587 1697 1661 1752 qui

308 1758 414 1814 apud
435 1758 609 1799 Graecos
631 1756 803 1796 summis
827 1756 1051 1797 honoribus
1075 1757 1317 1797 colerentur.
1344 1780 1396 1786 —
1414 1757 1557 1811 Ipsum
1579 1757 1666 1796 Pe·-

307 1825 448 1857 natum
479 1829 626 1856 nomen
656 1815 855 1869 originem
889 1814 1071 1856 Italicam
1105 1814 1254 1870 prodit,
1280 1815 1363 1855 sive
1385 1814 1436 1855 ab
1461 1828 1506 1855 eo
1535 1814 1661 1856 ducas

307 1876 416 1931 quod
437 1875 601 1929 penitus
615 1874 814 1924 insident,
839 1875 935 1926 sive,
965 1881 1007 1914 ut
1026 1875 1163 1927 potius
1183 1874 1344 1914 videtur
1373 1872 1558 1927 (Preller,
1583 1876 1661 1914 Re-

305 1937 453 1976 mische
476 1935 718 1985 Mycholoyie,
745 1938 859 1985 1858,
885 1939 977 1983 533,
1004 1933 1072 1973 Cic
1117 1935 1164 1974 N.
1193 1936 1237 1974 D.
1261 1932 1315 1983 ΙΙ,
1347 1938 1410 1984 27,
1435 1935 1501 1985 b7)
1531 1946 1658 1986 quum

307 2008 436 2048 penus
469 1992 522 2033 sit
551 2006 668 2033 omne
691 2006 771 2046 quo
800 1999 1017 2032 vescuntur
1038 1992 1241 2033 homines.
1267 1991 1327 2033 Cf.
1353 2005 1516 2047 quoque
1542 1990 1660 2032 Prel-

306 2053 380 2103 ler,
407 2055 521 2104 ibid„
539 2066 581 2104 p.
607 2057 669 2102 72,
698 2056 789 2091 536.

365 2118 398 2152 1.
431 2109 489 2151 Cf.
513 2111 714 2163 Hartung,
739 2112 859 2161 Helia.
882 2111 950 2149 drr
979 2112 1132 2160 Romer,
1157 2110 1191 2157 Ι,
1224 2113 1288 2149 82.
1315 2133 1365 2138 -
1389 2108 1578 2160 Lacroix,
1607 2110 1660 2150 La

306 2172 471 2221 reliyion
500 2172 681 2208 romolus
713 2169 869 2220 d’aprcs
892 2171 943 2209 les
976 2170 1102 2209 Fastes
1124 2169 1299 2218 d'Ouide,
1322 2183 1363 2222 p.
1395 2173 1467 2208 122
1497 2175 1536 2208 et
1567 2180 1657 2222 seq.

306 2231 558 2279 Mommsen,
582 2229 680 2268 Hist.
705 2240 825 2276 rom.‚
851 2241 876 2281 p
917 2233 1008 2268 223.
1034 2253 1082 2257 -
1102 2227 1297 2279 Klausen‚
1317 2230 1464 2268 Aeneas
1487 2229 1574 2268 und
1595 2229 1660 2268 die

306 2292 496 2339 Pewzten,
522 2287 692 2341 passim,
715 2286 930 2341 praecipue
954 2293 1014 2334 11,
1038 2292 1130 2334 621,
1158 2292 1251 2328 635.

359 2353 395 2386 2.
432 2355 520 2387 Aen.
549 2345 639 2395 VII,
669 2350 757 2386 799.
796 2345 914 2385 Hunc
935 2346 1073 2386 Jovem
1098 2348 1309 2385 Anxurum
1331 2359 1354 2385 a
1376 2345 1524 2399 Vejove
1551 2351 1657 2384 recte

305 2404 524 2457 distinguit
548 2404 777 2455 Leiscliius,
795 2403 929 2444 allatis
957 2404 1091 2445 Ovidii
1115 2406 1234 2458 (Fusl.
1258 2405 1335 2456 ΙΙΙ,
1360 2404 1454 2458 437)
1474 2409 1514 2444 et
1532 2401 1657 2444 Gellii

323 2466 372 2513 V,
402 2466 458 2516 lz)
479 2462 592 2502 locis.

359 2529 396 2563 3.
429 2527 520 2562 Aen.
549 2521 639 2573 VH,
668 2525 742 2561 682
768 2533 775 2560 :
809 2521 1059 2576 «Templum
1083 2521 1260 2562 Junonis
1283 2519 1466 2562 Gabinae
1494 2519 1586 2560 vide
1608 2519 1653 2560 in

306 2581 490 2623 Visconti
519 2580 769 2620 monumenti
803 2580 951 2622 Gabini
975 2580 1079 2621 della
1102 2581 1197 2621 villa
1226 2580 1419 2622 Pinciana
1440 2597 1477 2619 ›>.
1508 2580 1655 2629 Roma,
