<?xml version="1.0" encoding="UTF-8"?>
<!DOCTYPE html PUBLIC "-//W3C//DTD XHTML 1.0 Transitional//EN"
    "http://www.w3.org/TR/xhtml1/DTD/xhtml1-transitional.dtd">
<html xmlns="http://www.w3.org/1999/xhtml" xml:lang="en" lang="en">
 <head>
  <title>
</title>
<meta http-equiv="Content-Type" content="text/html;charset=utf-8" />
  <meta name='ocr-system' content='tesseract 3.04.00' />
  <meta name='ocr-capabilities' content='ocr_page ocr_carea ocr_par ocr_line ocrx_word'/>
</head>
<body>
  <div class='ocr_page' id='page_1' title='image "./demorumindoleinv00bouguoft_0059.png"; bbox 0 0 1758 2903; ppageno 0'>
   <div class='ocr_carea' id='block_1_1' title="bbox 627 126 837 159">
    <p class='ocr_par' dir='ltr' id='par_1_1' title="bbox 627 126 837 159">
     <span class='ocr_line' id='line_1_1' title="bbox 627 126 837 159; baseline -0.01 -8"><span class='ocrx_word' id='word_1_1' title='bbox 627 126 837 159; x_wconf 72' lang='lat'>—49...</span> 
     </span>
    </p>
   </div>
   <div class='ocr_carea' id='block_1_2' title="bbox 58 205 1425 2107">
    <p class='ocr_par' dir='ltr' id='par_1_2' title="bbox 58 205 1409 804">
     <span class='ocr_line' id='line_1_2' title="bbox 58 205 1405 274; baseline 0 -16"><span class='ocrx_word' id='word_1_2' title='bbox 58 216 342 273; x_wconf 86' lang='lat' dir='ltr'>suppeteret;</span> <span class='ocrx_word' id='word_1_3' title='bbox 378 216 424 255; x_wconf 86' lang='lat' dir='ltr'>at</span> <span class='ocrx_word' id='word_1_4' title='bbox 452 224 544 255; x_wconf 90' lang='lat' dir='ltr'>non</span> <span class='ocrx_word' id='word_1_5' title='bbox 574 224 627 255; x_wconf 93' lang='lat' dir='ltr'>eo</span> <span class='ocrx_word' id='word_1_6' title='bbox 659 208 813 255; x_wconf 85' lang='lat' dir='ltr'>valent</span> <span class='ocrx_word' id='word_1_7' title='bbox 844 215 895 256; x_wconf 86' lang='lat' dir='ltr'>ut</span> <span class='ocrx_word' id='word_1_8' title='bbox 927 209 1133 257; x_wconf 83' lang='lat' dir='ltr'>affirmes</span> <span class='ocrx_word' id='word_1_9' title='bbox 1159 226 1185 256; x_wconf 86' lang='lat' dir='ltr'>a</span> <span class='ocrx_word' id='word_1_10' title='bbox 1206 205 1405 274; x_wconf 83' lang='lat' dir='ltr'>Virgilio</span> 
     </span>
     <span class='ocr_line' id='line_1_3' title="bbox 59 284 1405 350; baseline 0.001 -18"><span class='ocrx_word' id='word_1_11' title='bbox 59 287 153 349; x_wconf 86' lang='lat' dir='ltr'>pila</span> <span class='ocrx_word' id='word_1_12' title='bbox 177 289 380 333; x_wconf 84' lang='lat' dir='ltr'>Romana</span> <span class='ocrx_word' id='word_1_13' title='bbox 413 284 694 348; x_wconf 77' lang='lat' dir='ltr'>significari3</span> <span class='ocrx_word' id='word_1_14' title='bbox 736 301 884 348; x_wconf 90' lang='lat' dir='ltr'>neque</span> <span class='ocrx_word' id='word_1_15' title='bbox 912 287 1037 333; x_wconf 89' lang='lat' dir='ltr'>enim</span> <span class='ocrx_word' id='word_1_16' title='bbox 1064 303 1148 350; x_wconf 90' lang='lat' dir='ltr'>pro</span> <span class='ocrx_word' id='word_1_17' title='bbox 1174 292 1302 350; x_wconf 85' lang='lat' dir='ltr'>justa</span> <span class='ocrx_word' id='word_1_18' title='bbox 1325 287 1405 334; x_wconf 92' lang='lat' dir='ltr'>de-</span> 
     </span>
     <span class='ocr_line' id='line_1_4' title="bbox 63 361 1409 423; baseline 0.001 -15"><span class='ocrx_word' id='word_1_19' title='bbox 63 363 316 423; x_wconf 83' lang='lat' dir='ltr'>scriptione</span> <span class='ocrx_word' id='word_1_20' title='bbox 351 361 492 407; x_wconf 84' lang='lat' dir='ltr'>verba</span> <span class='ocrx_word' id='word_1_21' title='bbox 525 363 661 407; x_wconf 75' lang='lat' dir='ltr'>latum</span> <span class='ocrx_word' id='word_1_22' title='bbox 684 364 857 420; x_wconf 76' lang='lat' dir='ltr'>ferrum</span> <span class='ocrx_word' id='word_1_23' title='bbox 890 378 942 409; x_wconf 90' lang='lat' dir='ltr'>ac</span> <span class='ocrx_word' id='word_1_24' title='bbox 971 365 1175 423; x_wconf 77' lang='lat' dir='ltr'>praefixa</span> <span class='ocrx_word' id='word_1_25' title='bbox 1197 363 1409 410; x_wconf 79' lang='lat' dir='ltr'>habenda</span> 
     </span>
     <span class='ocr_line' id='line_1_5' title="bbox 60 437 1409 495; baseline 0.003 -13"><span class='ocrx_word' id='word_1_26' title='bbox 60 445 189 495; x_wconf 79' lang='lat' dir='ltr'>sunt,</span> <span class='ocrx_word' id='word_1_27' title='bbox 233 438 415 483; x_wconf 84' lang='lat' dir='ltr'>etiamsi</span> <span class='ocrx_word' id='word_1_28' title='bbox 458 438 696 483; x_wconf 77' lang='lat' dir='ltr'>existimes</span> <span class='ocrx_word' id='word_1_29' title='bbox 734 437 789 483; x_wconf 90' lang='lat' dir='ltr'>de</span> <span class='ocrx_word' id='word_1_30' title='bbox 834 438 923 484; x_wconf 84' lang='lat' dir='ltr'>lato</span> <span class='ocrx_word' id='word_1_31' title='bbox 958 438 1076 485; x_wconf 86' lang='lat' dir='ltr'>ferro</span> <span class='ocrx_word' id='word_1_32' title='bbox 1118 440 1165 485; x_wconf 92' lang='lat' dir='ltr'>in</span> <span class='ocrx_word' id='word_1_33' title='bbox 1209 439 1409 486; x_wconf 83' lang='lat' dir='ltr'>laudatis</span> 
     </span>
     <span class='ocr_line' id='line_1_6' title="bbox 60 513 1407 576; baseline 0.001 -17"><span class='ocrx_word' id='word_1_34' title='bbox 60 513 237 576; x_wconf 80' lang='lat' dir='ltr'>Polybii</span> <span class='ocrx_word' id='word_1_35' title='bbox 263 529 313 559; x_wconf 87' lang='lat' dir='ltr'>ac</span> <span class='ocrx_word' id='word_1_36' title='bbox 339 515 511 576; x_wconf 66' lang='lat' dir='ltr'>Vegetii</span> <span class='ocrx_word' id='word_1_37' title='bbox 542 513 655 560; x_wconf 88' lang='lat' dir='ltr'>locis</span> <span class='ocrx_word' id='word_1_38' title='bbox 683 515 966 560; x_wconf 78' lang='lat' dir='ltr'>mentionem</span> <span class='ocrx_word' id='word_1_39' title='bbox 994 514 1112 561; x_wconf 87' lang='lat' dir='ltr'>fieri.</span> <span class='ocrx_word' id='word_1_40' title='bbox 1143 517 1239 561; x_wconf 90' lang='lat' dir='ltr'>Hoc</span> <span class='ocrx_word' id='word_1_41' title='bbox 1260 532 1407 562; x_wconf 85' lang='lat' dir='ltr'>unum</span> 
     </span>
     <span class='ocr_line' id='line_1_7' title="bbox 60 589 1408 654; baseline 0.002 -19"><span class='ocrx_word' id='word_1_42' title='bbox 60 589 253 636; x_wconf 68' lang='lat' dir='ltr'>fortasse</span> <span class='ocrx_word' id='word_1_43' title='bbox 280 591 497 636; x_wconf 81' lang='lat' dir='ltr'>Lerschio</span> <span class='ocrx_word' id='word_1_44' title='bbox 529 591 721 637; x_wconf 84' lang='lat' dir='ltr'>concedi</span> <span class='ocrx_word' id='word_1_45' title='bbox 756 598 922 651; x_wconf 83' lang='lat' dir='ltr'>potest,</span> <span class='ocrx_word' id='word_1_46' title='bbox 954 591 1078 652; x_wconf 77' lang='lat' dir='ltr'>quod</span> <span class='ocrx_word' id='word_1_47' title='bbox 1104 596 1201 654; x_wconf 84' lang='lat' dir='ltr'>jam</span> <span class='ocrx_word' id='word_1_48' title='bbox 1227 593 1408 654; x_wconf 79' lang='lat' dir='ltr'>antiqui</span> 
     </span>
     <span class='ocr_line' id='line_1_8' title="bbox 61 665 1408 731; baseline 0.001 -19"><span class='ocrx_word' id='word_1_49' title='bbox 61 665 516 721; x_wconf 83' lang='lat' dir='ltr'>animadverterunt,</span> <span class='ocrx_word' id='word_1_50' title='bbox 564 665 655 712; x_wconf 91' lang='lat' dir='ltr'>duo</span> <span class='ocrx_word' id='word_1_51' title='bbox 705 665 890 728; x_wconf 84' lang='lat' dir='ltr'>spicula</span> <span class='ocrx_word' id='word_1_52' title='bbox 937 682 1192 729; x_wconf 88' lang='lat' dir='ltr'>puerorum</span> <span class='ocrx_word' id='word_1_53' title='bbox 1229 670 1408 731; x_wconf 89' lang='lat' dir='ltr'>Trojam</span> 
     </span>
     <span class='ocr_line' id='line_1_9' title="bbox 64 741 1081 804; baseline 0.001 -16"><span class='ocrx_word' id='word_1_54' title='bbox 64 742 330 789; x_wconf 86' lang='lat' dir='ltr'>ludentium</span> <span class='ocrx_word' id='word_1_55' title='bbox 357 741 413 787; x_wconf 88' lang='lat' dir='ltr'>ad</span> <span class='ocrx_word' id='word_1_56' title='bbox 437 741 612 788; x_wconf 85' lang='lat' dir='ltr'>donum</span> <span class='ocrx_word' id='word_1_57' title='bbox 635 743 835 804; x_wconf 75' lang='lat' dir='ltr'>Augusti</span> <span class='ocrx_word' id='word_1_58' title='bbox 859 741 1081 789; x_wconf 84' lang='lat' dir='ltr'>alludere.</span> 
     </span>
    </p>

    <p class='ocr_par' dir='ltr' id='par_1_3' title="bbox 60 818 1420 1803">
     <span class='ocr_line' id='line_1_10' title="bbox 127 818 1408 881; baseline 0.002 -17"><span class='ocrx_word' id='word_1_59' title='bbox 127 818 605 865; x_wconf 84' lang='lat' dir='ltr'>Animadvertendum</span> <span class='ocrx_word' id='word_1_60' title='bbox 649 835 838 881; x_wconf 87' lang='lat' dir='ltr'>quoque</span> <span class='ocrx_word' id='word_1_61' title='bbox 882 819 998 866; x_wconf 90' lang='lat' dir='ltr'>illud</span> <span class='ocrx_word' id='word_1_62' title='bbox 1041 829 1139 867; x_wconf 83' lang='lat' dir='ltr'>erat</span> <span class='ocrx_word' id='word_1_63' title='bbox 1184 820 1408 880; x_wconf 80' lang='lat' dir='ltr'>quasdam</span> 
     </span>
     <span class='ocr_line' id='line_1_11' title="bbox 65 893 1412 942; baseline 0.002 -3"><span class='ocrx_word' id='word_1_64' title='bbox 65 910 138 940; x_wconf 89' lang='lat' dir='ltr'>res</span> <span class='ocrx_word' id='word_1_65' title='bbox 168 897 213 940; x_wconf 91' lang='lat' dir='ltr'>in</span> <span class='ocrx_word' id='word_1_66' title='bbox 245 893 449 940; x_wconf 82' lang='lat' dir='ltr'>Aeneide</span> <span class='ocrx_word' id='word_1_67' title='bbox 479 910 571 940; x_wconf 89' lang='lat' dir='ltr'>non</span> <span class='ocrx_word' id='word_1_68' title='bbox 600 894 657 940; x_wconf 86' lang='lat' dir='ltr'>ab</span> <span class='ocrx_word' id='word_1_69' title='bbox 684 910 735 940; x_wconf 94' lang='lat' dir='ltr'>eo</span> <span class='ocrx_word' id='word_1_70' title='bbox 763 895 959 941; x_wconf 83' lang='lat' dir='ltr'>consilio</span> <span class='ocrx_word' id='word_1_71' title='bbox 983 896 1142 941; x_wconf 88' lang='lat' dir='ltr'>omnia</span> <span class='ocrx_word' id='word_1_72' title='bbox 1168 895 1224 942; x_wconf 84' lang='lat' dir='ltr'>ad</span> <span class='ocrx_word' id='word_1_73' title='bbox 1244 898 1412 942; x_wconf 84' lang='lat' dir='ltr'>Roma-</span> 
     </span>
     <span class='ocr_line' id='line_1_12' title="bbox 64 970 1415 1034; baseline 0 -16"><span class='ocrx_word' id='word_1_74' title='bbox 64 988 148 1018; x_wconf 83' lang='lat' dir='ltr'>nas</span> <span class='ocrx_word' id='word_1_75' title='bbox 186 971 548 1018; x_wconf 89' lang='lat' dir='ltr'>consuetudines</span> <span class='ocrx_word' id='word_1_76' title='bbox 590 970 843 1031; x_wconf 85' lang='lat' dir='ltr'>referendi,</span> <span class='ocrx_word' id='word_1_77' title='bbox 883 972 961 1019; x_wconf 90' lang='lat' dir='ltr'>sed</span> <span class='ocrx_word' id='word_1_78' title='bbox 1003 972 1059 1019; x_wconf 87' lang='lat' dir='ltr'>ab</span> <span class='ocrx_word' id='word_1_79' title='bbox 1090 973 1194 1034; x_wconf 87' lang='lat' dir='ltr'>ipsa</span> <span class='ocrx_word' id='word_1_80' title='bbox 1228 972 1415 1021; x_wconf 84' lang='lat' dir='ltr'>fabulae</span> 
     </span>
     <span class='ocr_line' id='line_1_13' title="bbox 64 1047 1411 1112; baseline 0.001 -19"><span class='ocrx_word' id='word_1_81' title='bbox 64 1047 242 1094; x_wconf 84' lang='lat' dir='ltr'>ratione</span> <span class='ocrx_word' id='word_1_82' title='bbox 285 1047 537 1111; x_wconf 86' lang='lat' dir='ltr'>proficisci.</span> <span class='ocrx_word' id='word_1_83' title='bbox 581 1048 804 1111; x_wconf 84' lang='lat' dir='ltr'>Exemplo</span> <span class='ocrx_word' id='word_1_84' title='bbox 845 1049 984 1095; x_wconf 89' lang='lat' dir='ltr'>fuerit</span> <span class='ocrx_word' id='word_1_85' title='bbox 1025 1050 1150 1112; x_wconf 80' lang='lat' dir='ltr'>regia</span> <span class='ocrx_word' id='word_1_86' title='bbox 1191 1057 1411 1112; x_wconf 84' lang='lat' dir='ltr'>potestas.</span> 
     </span>
     <span class='ocr_line' id='line_1_14' title="bbox 64 1123 1417 1188; baseline 0.001 -18"><span class='ocrx_word' id='word_1_87' title='bbox 64 1123 200 1187; x_wconf 89' lang='lat' dir='ltr'>Apud</span> <span class='ocrx_word' id='word_1_88' title='bbox 230 1126 501 1183; x_wconf 79' lang='lat' dir='ltr'>Homerum,</span> <span class='ocrx_word' id='word_1_89' title='bbox 534 1126 625 1170; x_wconf 87' lang='lat' dir='ltr'>tria</span> <span class='ocrx_word' id='word_1_90' title='bbox 665 1133 791 1183; x_wconf 87' lang='lat' dir='ltr'>sunt,</span> <span class='ocrx_word' id='word_1_91' title='bbox 829 1135 881 1172; x_wconf 89' lang='lat' dir='ltr'>ut</span> <span class='ocrx_word' id='word_1_92' title='bbox 907 1131 1007 1188; x_wconf 83' lang='lat' dir='ltr'>jam</span> <span class='ocrx_word' id='word_1_93' title='bbox 1040 1126 1310 1172; x_wconf 89' lang='lat' dir='ltr'>Aristoteles</span> <span class='ocrx_word' id='word_1_94' title='bbox 1338 1126 1417 1172; x_wconf 91' lang='lat' dir='ltr'>ob-</span> 
     </span>
     <span class='ocr_line' id='line_1_15' title="bbox 67 1202 1415 1265; baseline 0.001 -17"><span class='ocrx_word' id='word_1_95' title='bbox 67 1203 287 1259; x_wconf 85' lang='lat' dir='ltr'>servavit,</span> <span class='ocrx_word' id='word_1_96' title='bbox 323 1218 486 1265; x_wconf 78' lang='lat' dir='ltr'>regum</span> <span class='ocrx_word' id='word_1_97' title='bbox 520 1204 685 1249; x_wconf 90' lang='lat' dir='ltr'>munia</span> <span class='ocrx_word' id='word_1_98' title='bbox 719 1220 728 1247; x_wconf 89' lang='lat'>:</span> <span class='ocrx_word' id='word_1_99' title='bbox 760 1204 1014 1250; x_wconf 82' lang='lat' dir='ltr'>exercitum</span> <span class='ocrx_word' id='word_1_100' title='bbox 1043 1202 1240 1261; x_wconf 89' lang='lat' dir='ltr'>ducunt,</span> <span class='ocrx_word' id='word_1_101' title='bbox 1268 1203 1415 1249; x_wconf 82' lang='lat' dir='ltr'>sacris</span> 
     </span>
     <span class='ocr_line' id='line_1_16' title="bbox 65 1278 1418 1342; baseline 0 -16"><span class='ocrx_word' id='word_1_102' title='bbox 65 1289 334 1342; x_wconf 82' lang='lat' dir='ltr'>operantur,</span> <span class='ocrx_word' id='word_1_103' title='bbox 361 1284 441 1342; x_wconf 86' lang='lat' dir='ltr'>jus</span> <span class='ocrx_word' id='word_1_104' title='bbox 473 1278 653 1326; x_wconf 88' lang='lat' dir='ltr'>dicunt.</span> <span class='ocrx_word' id='word_1_105' title='bbox 686 1281 810 1325; x_wconf 88' lang='lat' dir='ltr'>Haec</span> <span class='ocrx_word' id='word_1_106' title='bbox 837 1280 996 1325; x_wconf 87' lang='lat' dir='ltr'>omnia</span> <span class='ocrx_word' id='word_1_107' title='bbox 1026 1280 1230 1338; x_wconf 83' lang='lat' dir='ltr'>Aeneas,</span> <span class='ocrx_word' id='word_1_108' title='bbox 1259 1280 1339 1326; x_wconf 91' lang='lat' dir='ltr'>sed</span> <span class='ocrx_word' id='word_1_109' title='bbox 1373 1288 1418 1326; x_wconf 89' lang='lat' dir='ltr'>et</span> 
     </span>
     <span class='ocr_line' id='line_1_17' title="bbox 60 1355 1419 1420; baseline 0 -18"><span class='ocrx_word' id='word_1_110' title='bbox 60 1361 142 1420; x_wconf 75' lang='lat' dir='ltr'>Jus</span> <span class='ocrx_word' id='word_1_111' title='bbox 183 1358 348 1415; x_wconf 77' lang='lat' dir='ltr'>condit,</span> <span class='ocrx_word' id='word_1_112' title='bbox 386 1372 476 1402; x_wconf 86' lang='lat' dir='ltr'>non</span> <span class='ocrx_word' id='word_1_113' title='bbox 512 1364 695 1402; x_wconf 83' lang='lat' dir='ltr'>tantum</span> <span class='ocrx_word' id='word_1_114' title='bbox 733 1356 860 1402; x_wconf 87' lang='lat' dir='ltr'>dicit.</span> <span class='ocrx_word' id='word_1_115' title='bbox 896 1355 1018 1411; x_wconf 83' lang='lat' dir='ltr'>Quid</span> <span class='ocrx_word' id='word_1_116' title='bbox 1055 1363 1210 1402; x_wconf 87' lang='lat' dir='ltr'>autem</span> <span class='ocrx_word' id='word_1_117' title='bbox 1243 1357 1419 1402; x_wconf 81' lang='lat' dir='ltr'>mirum</span> 
     </span>
     <span class='ocr_line' id='line_1_18' title="bbox 67 1432 1418 1495; baseline -0.001 -16"><span class='ocrx_word' id='word_1_118' title='bbox 67 1449 212 1495; x_wconf 90' lang='lat' dir='ltr'>quum</span> <span class='ocrx_word' id='word_1_119' title='bbox 254 1433 594 1495; x_wconf 82' lang='lat' dir='ltr'>Agamemnoni</span> <span class='ocrx_word' id='word_1_120' title='bbox 641 1440 720 1478; x_wconf 88' lang='lat' dir='ltr'>aut</span> <span class='ocrx_word' id='word_1_121' title='bbox 761 1432 917 1494; x_wconf 84' lang='lat' dir='ltr'>Ulyssi</span> <span class='ocrx_word' id='word_1_122' title='bbox 961 1432 1089 1479; x_wconf 85' lang='lat' dir='ltr'>nulla</span> <span class='ocrx_word' id='word_1_123' title='bbox 1139 1433 1198 1478; x_wconf 88' lang='lat' dir='ltr'>sit</span> <span class='ocrx_word' id='word_1_124' title='bbox 1253 1433 1418 1479; x_wconf 88' lang='lat' dir='ltr'>civitas</span> 
     </span>
     <span class='ocr_line' id='line_1_19' title="bbox 68 1509 1419 1572; baseline 0.001 -17"><span class='ocrx_word' id='word_1_125' title='bbox 68 1509 415 1568; x_wconf 85' lang='lat' dir='ltr'>constituenda,</span> <span class='ocrx_word' id='word_1_126' title='bbox 455 1509 642 1555; x_wconf 83' lang='lat' dir='ltr'>Aenean</span> <span class='ocrx_word' id='word_1_127' title='bbox 681 1517 858 1567; x_wconf 87' lang='lat' dir='ltr'>autem,</span> <span class='ocrx_word' id='word_1_128' title='bbox 895 1510 976 1572; x_wconf 91' lang='lat' dir='ltr'>qui</span> <span class='ocrx_word' id='word_1_129' title='bbox 1011 1510 1209 1572; x_wconf 84' lang='lat' dir='ltr'>patriam</span> <span class='ocrx_word' id='word_1_130' title='bbox 1250 1509 1338 1556; x_wconf 88' lang='lat' dir='ltr'>sibi</span> <span class='ocrx_word' id='word_1_131' title='bbox 1376 1519 1419 1556; x_wconf 90' lang='lat' dir='ltr'>et</span> 
     </span>
     <span class='ocr_line' id='line_1_20' title="bbox 69 1584 1419 1649; baseline 0 -17"><span class='ocrx_word' id='word_1_132' title='bbox 69 1585 320 1633; x_wconf 81' lang='lat' dir='ltr'>comitibus</span> <span class='ocrx_word' id='word_1_133' title='bbox 353 1601 517 1648; x_wconf 80' lang='lat' dir='ltr'>parare</span> <span class='ocrx_word' id='word_1_134' title='bbox 554 1592 761 1643; x_wconf 82' lang='lat' dir='ltr'>conetur,</span> <span class='ocrx_word' id='word_1_135' title='bbox 798 1591 1005 1648; x_wconf 87' lang='lat' dir='ltr'>oporteat</span> <span class='ocrx_word' id='word_1_136' title='bbox 1038 1584 1258 1632; x_wconf 81' lang='lat' dir='ltr'>omnibus</span> <span class='ocrx_word' id='word_1_137' title='bbox 1287 1585 1419 1649; x_wconf 79' lang='lat' dir='ltr'>fungi</span> 
     </span>
     <span class='ocr_line' id='line_1_21' title="bbox 72 1660 1420 1725; baseline 0.001 -17"><span class='ocrx_word' id='word_1_138' title='bbox 72 1662 342 1709; x_wconf 88' lang='lat' dir='ltr'>muneribus</span> <span class='ocrx_word' id='word_1_139' title='bbox 367 1677 487 1725; x_wconf 87' lang='lat' dir='ltr'>quae</span> <span class='ocrx_word' id='word_1_140' title='bbox 513 1662 560 1707; x_wconf 91' lang='lat' dir='ltr'>in</span> <span class='ocrx_word' id='word_1_141' title='bbox 591 1660 901 1717; x_wconf 85' lang='lat' dir='ltr'>conditorem,</span> <span class='ocrx_word' id='word_1_142' title='bbox 938 1677 1033 1708; x_wconf 92' lang='lat' dir='ltr'>non</span> <span class='ocrx_word' id='word_1_143' title='bbox 1060 1668 1244 1708; x_wconf 86' lang='lat' dir='ltr'>tantum</span> <span class='ocrx_word' id='word_1_144' title='bbox 1274 1662 1322 1708; x_wconf 93' lang='lat' dir='ltr'>in</span> <span class='ocrx_word' id='word_1_145' title='bbox 1349 1678 1420 1709; x_wconf 87' lang='lat' dir='ltr'>re-</span> 
     </span>
     <span class='ocr_line' id='line_1_22' title="bbox 69 1738 381 1803; baseline -0.01 -17"><span class='ocrx_word' id='word_1_146' title='bbox 69 1755 172 1803; x_wconf 85' lang='lat' dir='ltr'>gem</span> <span class='ocrx_word' id='word_1_147' title='bbox 196 1738 381 1785; x_wconf 87' lang='lat' dir='ltr'>cadant.</span> 
     </span>
    </p>

    <p class='ocr_par' dir='ltr' id='par_1_4' title="bbox 70 1814 1425 2107">
     <span class='ocr_line' id='line_1_23' title="bbox 133 1814 1423 1876; baseline -0.001 -13"><span class='ocrx_word' id='word_1_148' title='bbox 133 1817 305 1863; x_wconf 83' lang='lat' dir='ltr'>Verum</span> <span class='ocrx_word' id='word_1_149' title='bbox 332 1835 354 1858; x_wconf 78' lang='lat' dir='ltr'>(t</span> <span class='ocrx_word' id='word_1_150' title='bbox 385 1817 466 1872; x_wconf 82' lang='lat' dir='ltr'>ita,</span> <span class='ocrx_word' id='word_1_151' title='bbox 495 1814 648 1876; x_wconf 87' lang='lat' dir='ltr'>inquit</span> <span class='ocrx_word' id='word_1_152' title='bbox 673 1814 937 1873; x_wconf 86' lang='lat' dir='ltr'>Lerschius,</span> <span class='ocrx_word' id='word_1_153' title='bbox 956 1817 1270 1862; x_wconf 87' lang='lat' dir='ltr'>Romanorum</span> <span class='ocrx_word' id='word_1_154' title='bbox 1295 1814 1423 1862; x_wconf 92' lang='lat' dir='ltr'>indo-</span> 
     </span>
     <span class='ocr_line' id='line_1_24' title="bbox 70 1891 1423 1956; baseline 0 -16"><span class='ocrx_word' id='word_1_155' title='bbox 70 1893 156 1951; x_wconf 89' lang='lat' dir='ltr'>les,</span> <span class='ocrx_word' id='word_1_156' title='bbox 197 1908 288 1953; x_wconf 85' lang='lat' dir='ltr'>qua</span> <span class='ocrx_word' id='word_1_157' title='bbox 325 1892 373 1937; x_wconf 92' lang='lat' dir='ltr'>in</span> <span class='ocrx_word' id='word_1_158' title='bbox 406 1892 590 1954; x_wconf 81' lang='lat' dir='ltr'>legibus</span> <span class='ocrx_word' id='word_1_159' title='bbox 622 1891 878 1938; x_wconf 86' lang='lat' dir='ltr'>condendis</span> <span class='ocrx_word' id='word_1_160' title='bbox 920 1909 1026 1956; x_wconf 81' lang='lat' dir='ltr'>prae</span> <span class='ocrx_word' id='word_1_161' title='bbox 1062 1893 1166 1939; x_wconf 85' lang='lat' dir='ltr'>aliis</span> <span class='ocrx_word' id='word_1_162' title='bbox 1202 1893 1423 1940; x_wconf 89' lang='lat' dir='ltr'>omnibus</span> 
     </span>
     <span class='ocr_line' id='line_1_25' title="bbox 71 1968 1425 2032; baseline 0 -16"><span class='ocrx_word' id='word_1_163' title='bbox 71 1985 257 2032; x_wconf 90' lang='lat' dir='ltr'>semper</span> <span class='ocrx_word' id='word_1_164' title='bbox 290 1968 608 2014; x_wconf 78' lang='lat' dir='ltr'>excelluerunt</span> <span class='ocrx_word' id='word_1_165' title='bbox 642 1969 848 2030; x_wconf 89' lang='lat' dir='ltr'>populis,</span> <span class='ocrx_word' id='word_1_166' title='bbox 885 1970 1020 2031; x_wconf 87' lang='lat' dir='ltr'>quasi</span> <span class='ocrx_word' id='word_1_167' title='bbox 1056 1985 1080 2015; x_wconf 89' lang='lat' dir='ltr'>e</span> <span class='ocrx_word' id='word_1_168' title='bbox 1111 1970 1300 2032; x_wconf 87' lang='lat' dir='ltr'>speculo</span> <span class='ocrx_word' id='word_1_169' title='bbox 1329 1970 1425 2017; x_wconf 91' lang='lat' dir='ltr'>elu-</span> 
     </span>
     <span class='ocr_line' id='line_1_26' title="bbox 71 2045 1420 2107; baseline 0 -14"><span class='ocrx_word' id='word_1_170' title='bbox 71 2054 143 2093; x_wconf 86' lang='lat' dir='ltr'>cet</span> <span class='ocrx_word' id='word_1_171' title='bbox 177 2066 223 2094; x_wconf 82' lang='grc'>».</span> <span class='ocrx_word' id='word_1_172' title='bbox 260 2045 475 2092; x_wconf 86' lang='lat' dir='ltr'>Lerschio</span> <span class='ocrx_word' id='word_1_173' title='bbox 512 2045 706 2107; x_wconf 88' lang='lat' dir='ltr'>quidem</span> <span class='ocrx_word' id='word_1_174' title='bbox 754 2062 848 2092; x_wconf 89' lang='lat' dir='ltr'>non</span> <span class='ocrx_word' id='word_1_175' title='bbox 889 2045 1302 2093; x_wconf 88' lang='lat' dir='ltr'>contradicendum</span> <span class='ocrx_word' id='word_1_176' title='bbox 1336 2056 1420 2105; x_wconf 85' lang='lat' dir='ltr'>est,</span> 
     </span>
    </p>
   </div>
   <div class='ocr_carea' id='block_1_3' title="bbox 72 2121 1425 2262">
    <p class='ocr_par' dir='ltr' id='par_1_5' title="bbox 72 2121 1425 2262">
     <span class='ocr_line' id='line_1_27' title="bbox 72 2121 1425 2187; baseline 0 -17"><span class='ocrx_word' id='word_1_177' title='bbox 72 2140 158 2170; x_wconf 91' lang='lat' dir='ltr'>nec</span> <span class='ocrx_word' id='word_1_178' title='bbox 185 2132 338 2170; x_wconf 88' lang='lat' dir='ltr'>tamen</span> <span class='ocrx_word' id='word_1_179' title='bbox 372 2123 509 2185; x_wconf 86' lang='lat' dir='ltr'>plane</span> <span class='ocrx_word' id='word_1_180' title='bbox 546 2121 920 2169; x_wconf 81' lang='lat' dir='ltr'>assentiendum.</span> <span class='ocrx_word' id='word_1_181' title='bbox 950 2126 1069 2170; x_wconf 85' lang='lat' dir='ltr'>Nam</span> <span class='ocrx_word' id='word_1_182' title='bbox 1102 2140 1220 2187; x_wconf 84' lang='lat' dir='ltr'>quae</span> <span class='ocrx_word' id='word_1_183' title='bbox 1247 2125 1425 2170; x_wconf 82' lang='lat' dir='ltr'>Aeneas</span> 
     </span>
     <span class='ocr_line' id='line_1_28' title="bbox 73 2197 455 2262; baseline -0.005 -16"><span class='ocrx_word' id='word_1_184' title='bbox 73 2200 130 2246; x_wconf 92' lang='lat' dir='ltr'>de</span> <span class='ocrx_word' id='word_1_185' title='bbox 154 2216 201 2246; x_wconf 85' lang='lat' dir='ltr'>se</span> <span class='ocrx_word' id='word_1_186' title='bbox 222 2197 455 2262; x_wconf 85' lang='lat' dir='ltr'>praedicat</span> 
     </span>
    </p>
   </div>
   <div class='ocr_carea' id='block_1_4' title="bbox 319 2302 845 2358">
    <p class='ocr_par' dir='ltr' id='par_1_6' title="bbox 319 2302 845 2358">
     <span class='ocr_line' id='line_1_29' title="bbox 319 2302 845 2358; baseline -0.008 -12"><span class='ocrx_word' id='word_1_187' title='bbox 319 2306 343 2346; x_wconf 86' lang='lat' dir='ltr'>J</span> <span class='ocrx_word' id='word_1_188' title='bbox 347 2318 419 2345; x_wconf 87' lang='lat' dir='ltr'>ura</span> <span class='ocrx_word' id='word_1_189' title='bbox 438 2305 659 2358; x_wconf 85' lang='lat' dir='ltr'>domosque</span> <span class='ocrx_word' id='word_1_190' title='bbox 683 2302 845 2355; x_wconf 78' lang='lat' dir='ltr'>dabam,</span> 
     </span>
    </p>
   </div>
   <div class='ocr_carea' id='block_1_5' title="bbox 74 2404 1424 2623">
    <p class='ocr_par' dir='ltr' id='par_1_7' title="bbox 74 2404 1424 2623">
     <span class='ocr_line' id='line_1_30' title="bbox 75 2404 1424 2470; baseline -0.001 -17"><span class='ocrx_word' id='word_1_191' title='bbox 75 2423 129 2453; x_wconf 83' lang='lat' dir='ltr'>ea</span> <span class='ocrx_word' id='word_1_192' title='bbox 152 2407 272 2454; x_wconf 87' lang='lat' dir='ltr'>alius</span> <span class='ocrx_word' id='word_1_193' title='bbox 290 2407 543 2470; x_wconf 81' lang='lat' dir='ltr'>quuslibet</span> <span class='ocrx_word' id='word_1_194' title='bbox 563 2406 696 2452; x_wconf 85' lang='lat' dir='ltr'>urbis</span> <span class='ocrx_word' id='word_1_195' title='bbox 720 2405 934 2452; x_wconf 89' lang='lat' dir='ltr'>conditor</span> <span class='ocrx_word' id='word_1_196' title='bbox 952 2411 1058 2470; x_wconf 87' lang='lat' dir='ltr'>jure</span> <span class='ocrx_word' id='word_1_197' title='bbox 1081 2406 1272 2452; x_wconf 85' lang='lat' dir='ltr'>diceret.</span> <span class='ocrx_word' id='word_1_198' title='bbox 1290 2404 1424 2461; x_wconf 89' lang='lat' dir='ltr'>Quod</span> 
     </span>
     <span class='ocr_line' id='line_1_31' title="bbox 74 2483 1424 2542; baseline -0.001 -12"><span class='ocrx_word' id='word_1_199' title='bbox 74 2483 188 2530; x_wconf 89' lang='lat' dir='ltr'>adeo</span> <span class='ocrx_word' id='word_1_200' title='bbox 218 2499 383 2531; x_wconf 86' lang='lat' dir='ltr'>verum</span> <span class='ocrx_word' id='word_1_201' title='bbox 413 2491 483 2530; x_wconf 91' lang='lat' dir='ltr'>est</span> <span class='ocrx_word' id='word_1_202' title='bbox 514 2490 563 2529; x_wconf 92' lang='lat' dir='ltr'>ut</span> <span class='ocrx_word' id='word_1_203' title='bbox 588 2499 682 2528; x_wconf 90' lang='lat' dir='ltr'>non</span> <span class='ocrx_word' id='word_1_204' title='bbox 713 2490 896 2529; x_wconf 80' lang='lat' dir='ltr'>tantum</span> <span class='ocrx_word' id='word_1_205' title='bbox 929 2484 1108 2530; x_wconf 84' lang='lat' dir='ltr'>Aeneas</span> <span class='ocrx_word' id='word_1_206' title='bbox 1138 2489 1184 2529; x_wconf 88' lang='lat' dir='ltr'>et</span> <span class='ocrx_word' id='word_1_207' title='bbox 1217 2486 1424 2542; x_wconf 88' lang='lat' dir='ltr'>Acestes,</span> 
     </span>
     <span class='ocr_line' id='line_1_32' title="bbox 75 2558 1411 2623; baseline -0.001 -17"><span class='ocrx_word' id='word_1_208' title='bbox 75 2560 162 2606; x_wconf 89' lang='lat' dir='ltr'>viri</span> <span class='ocrx_word' id='word_1_209' title='bbox 187 2560 392 2623; x_wconf 87' lang='lat' dir='ltr'>Trojani‚</span> <span class='ocrx_word' id='word_1_210' title='bbox 412 2559 489 2605; x_wconf 87' lang='lat' dir='ltr'>sed</span> <span class='ocrx_word' id='word_1_211' title='bbox 507 2566 550 2605; x_wconf 90' lang='lat' dir='ltr'>et</span> <span class='ocrx_word' id='word_1_212' title='bbox 570 2558 702 2616; x_wconf 90' lang='lat' dir='ltr'>Dido,</span> <span class='ocrx_word' id='word_1_213' title='bbox 724 2560 863 2621; x_wconf 81' lang='lat' dir='ltr'>Tyria</span> <span class='ocrx_word' id='word_1_214' title='bbox 886 2560 1080 2618; x_wconf 83' lang='lat' dir='ltr'>semina,</span> <span class='ocrx_word' id='word_1_215' title='bbox 1098 2563 1202 2621; x_wconf 84' lang='lat' dir='ltr'>jura</span> <span class='ocrx_word' id='word_1_216' title='bbox 1223 2558 1411 2605; x_wconf 85' lang='lat' dir='ltr'>condat:</span> 
     </span>
    </p>
   </div>
   <div class='ocr_carea' id='block_1_6' title="bbox 317 2668 1217 2780">
    <p class='ocr_par' dir='ltr' id='par_1_8' title="bbox 317 2668 1217 2780">
     <span class='ocr_line' id='line_1_33' title="bbox 317 2668 907 2722; baseline -0.005 -12"><span class='ocrx_word' id='word_1_217' title='bbox 317 2670 415 2710; x_wconf 79' lang='lat' dir='ltr'>Jura</span> <span class='ocrx_word' id='word_1_218' title='bbox 436 2668 556 2709; x_wconf 83' lang='lat' dir='ltr'>dabat</span> <span class='ocrx_word' id='word_1_219' title='bbox 578 2668 768 2722; x_wconf 81' lang='lat' dir='ltr'>legesque</span> <span class='ocrx_word' id='word_1_220' title='bbox 794 2669 907 2709; x_wconf 86' lang='lat' dir='ltr'>viris.</span> 
     </span>
     <span class='ocr_line' id='line_1_34' title="bbox 1196 2746 1217 2780; baseline 0 0"><span class='ocrx_word' id='word_1_221' title='bbox 1196 2746 1217 2780; x_wconf 64' lang='grc' dir='ltr'>[ι</span> 
     </span>
    </p>
   </div>
  </div>
 </body>
</html>
