1758 2903
818 323 892 369 DE
1102 346 1107 352 ·

274 476 800 593 MORUM
899 476 1428 593 INDOLE
1529 602 1532 604 ,

434 704 511 758 ΙΝ
563 703 879 759 VIRGILII·
935 703 1209 758 AENEID
1224 705 1258 757 E

584 1093 656 1123 Non
679 1091 780 1122 unius
803 1091 844 1122 de
868 1091 1011 1122 racemis
1032 1091 1241 1123 vindemiam
1265 1090 1328 1122 sibi
1354 1091 1444 1121 feeit.

848 1145 1071 1184 (MAcRomUS‚
1095 1143 1245 1176 Satwm.
1265 1146 1302 1185 V,
1321 1153 1349 1175 c.
1368 1146 1465 1185 xvn.)

241 1294 311 1340 An
337 1291 567 1357 Virgilius
587 1292 633 1337 in
660 1290 864 1338 Aeneide
893 1306 1047 1337 mores
1078 1291 1286 1337 heroicos
1321 1291 1517 1338 fideliter

177 1369 493 1434 expresserit?

847 1551 866 1598 I

244 1713 400 1768 Quum
422 1712 648 1775 Virgilius
665 1713 885 1759 carminis
910 1712 983 1759 sui
1009 1716 1344 1776 argumentum
1369 1714 1426 1761 ab
1449 1714 1530 1761 he-

181 1789 322 1834 roicis
358 1788 648 1850 temporibus
684 1790 971 1852 repetiverit,
1013 1790 1281 1850 quaesitum
1326 1802 1394 1837 est
1435 1807 1529 1838 non

182 1864 320 1911 semel
345 1872 500 1911 utrum
529 1872 662 1928 poeta
683 1864 899 1912 heroicos
934 1881 1085 1912 mores
1123 1865 1322 1912 fideliter
1342 1882 1529 1929 expres-

183 1941 293 1988 serit
334 1957 495 1988 necne.
529 1943 630 1997 Qua
658 1940 714 1988 de
753 1957 799 1989 re
837 1941 996 2005 plures
1028 1940 1245 1988 videmus
1287 1944 1527 1990 exstitisse

183 2018 458 2076 sententias3
491 2017 686 2080 quidam
724 2019 852 2064 enim
886 2017 1062 2064 heroici
1087 2018 1188 2064 aevi
1213 2018 1452 2081 ingenium
1480 2020 1525 2065 in

182 2093 383 2140 Aeneide
429 2093 605 2157 ubique
658 2103 914 2153 servatum,
951 2093 1081 2140 nullo
1120 2095 1170 2140 in
1209 2094 1310 2141 loco
1357 2111 1525 2153 moreS,

184 2169 343 2232 quales
379 2171 605 2217 Homerus
639 2170 823 2217 finxerit
857 2186 951 2217 non
985 2177 1345 2232 repraesentatos
1385 2172 1529 2218 fuisse

182 2244 472 2292 contendunt
501 2261 511 2293 :
536 2246 654 2293 inter
677 2261 795 2308 quos
816 2253 1000 2309 praesto
1020 2254 1090 2293 est
1113 2245 1283 2293 referre
1308 2247 1531 2293 Tittman-

188 2324 331 2367 num¹
362 2322 444 2384 qui
472 2321 686 2369 libellum
715 2321 771 2368 de
802 2321 1001 2385 Virgilio
1034 2323 1286 2368 Homerum
1320 2323 1532 2369 imitante

186 2395 350 2454 edidit,
382 2403 443 2455 et,
477 2412 500 2443 e
532 2397 873 2443 recentioribus
909 2413 1103 2459 magnae
1130 2397 1343 2444 lectionis
1375 2399 1529 2444 virum

185 2603 211 2643 b
244 2552 277 2586 1.
312 2545 539 2598 Tittmann,
571 2548 620 2586 De
660 2548 820 2597 Vir-yilio
850 2548 1064 2587 Homerum
1098 2549 1292 2596 imitante,
1335 2545 1532 2586 Wittem-

216 2617 300 2656 erg,
328 2609 443 2644 1787.

1300 2680 1313 2714 l
