1758 2903
677 162 915 198 —107—

120 245 326 293 Anchisa
359 249 658 308 conjunctum
689 262 807 304 esse,
838 261 982 308 quum
1011 261 1090 292 eos
1113 247 1304 309 juvenis
1325 252 1368 293 et
1396 247 1460 293 vi·

121 322 242 369 derit
265 330 308 368 et
333 322 584 384 exceperit,
619 331 663 368 et
685 323 935 369 comitatus
963 323 1043 380 sit,
1072 330 1116 369 et
1144 323 1202 370 ab
1229 324 1289 370 iis
1326 322 1464 383 dona,

122 414 241 461 quae
270 397 480 460 hospites
523 397 723 445 solerent
754 398 881 457 dare,
910 400 1154 462 acceperit.
1184 399 1308 455 Quid
1336 400 1469 447 tum?

121 474 309 521 videtur
341 474 551 520 Evander
593 490 799 538 quoque,
840 482 1031 539 propter
1069 491 1201 522 suam
1226 476 1401 523 formae
1425 483 1469 523 et

123 557 326 597 staturae
349 550 724 609 admirationem,
756 567 894 613 quam
924 567 1014 598 non
1040 551 1180 597 semel
1202 552 1464 615 profitetur,

122 642 146 673 e
174 627 284 673 viris
306 626 518 674 heroicae
543 627 705 673 aetatis
730 643 853 673 unus
875 642 976 673 csse
1010 644 1020 672 ε

895 731 950 771 Ut
971 731 1092 772 verba
1113 732 1293 785 parentis

255 795 310 835 Et
331 807 464 835 vocem
489 794 691 834 Anchisae
710 796 850 846 maqnz
872 794 1088 849 vultusque
1111 796 1333 837 recordor1.

123 898 274 952 Quam
290 895 477 942 laudem
502 898 668 960 repetit
687 903 826 959 atque
844 897 890 943 in
916 912 968 943 ea
986 897 1323 961 vamplificanda
1346 915 1471 946 com-

122 980 331 1020 moratur
358 987 369 1018 :

254 1075 521 1131 Mirabarque
542 1076 664 1118 duces
685 1078 878 1129 Teucros,
905 1077 1082 1118 mirabar
1101 1086 1140 1119 et
1158 1078 1295 1134 ipsum

254 1140 652 1193 Laomedontiaden;
681 1141 752 1182 sed
776 1144 927 1184 cunctis
949 1144 1068 1183 altior
1085 1145 1166 1184 ibat

253 1209 473 1248 Anchises&

123 1300 246 1357 Quid
270 1301 396 1364 quod
423 1301 502 1347 ille
537 1301 685 1360 Atlas,
711 1301 769 1349 ab
793 1301 1008 1349 Evandro
1043 1311 1344 1360 memoratus,
1375 1319 1469 1350 non

119 1383 219 1443 jam
246 1378 370 1425 idem
393 1379 577 1426 videtur
601 1379 683 1442 qui
705 1381 754 1426 in
777 1380 929 1442 primo
957 1380 1096 1436 libro,
1119 1380 1469 1442 philosophiam

124 1471 178 1501 ac
203 1456 478 1517 sapientiam
497 1456 754 1519 professus,
778 1464 932 1502 motus
952 1455 1065 1502 coeli
1089 1458 1248 1520 Iopam
1263 1456 1466 1516 edocuit,

125 1531 402 1577 simillimus
437 1547 542 1577 vero
568 1531 638 1578 illi
671 1537 742 1578 est
777 1532 858 1594 qui
896 1531 1021 1595 apud
1053 1534 1304 1580 Homerum
1346 1534 1471 1580 imos

125 1607 270 1659 maris
296 1607 504 1671 gurgites
531 1608 661 1654 novit
680 1616 818 1670 atque
839 1607 1084 1655 columnas
1112 1608 1287 1672 quibus
1307 1609 1472 1656 inniti-

125 1694 203 1731 tur
226 1684 426 1741 coelum,
454 1685 655 1731 sustinet
686 1700 696 1731 ε
724 1700 893 1749 nempe
917 1687 986 1732 sic
1007 1684 1178 1732 dicitur
1200 1701 1211 1732 τ

757 1788 960 1830 Electram
982 1790 1182 1830 maximus
1198 1790 1313 1830 Atlas

257 1852 414 1907 Edidit,
441 1853 641 1895 aetherios
664 1853 833 1894 humero
847 1854 925 1909 qui
948 1854 1124 1912 sustinet
1147 1854 1306 1895 orbes³.

127 1949 252 2006 Quid
277 1949 402 2013 quod
432 1950 637 1997 Evandri
664 1949 835 1996 domus
860 1952 1053 2014 tugurio
1091 1951 1292 1997 similior
1330 1966 1472 2013 quam

121 2027 281 2090 regiae
307 2034 395 2085 est,
430 2026 532 2089 ipse
557 2028 762 2073 Eumaeo
788 2025 1004 2090 Ulyssem
1039 2027 1287 2090 excipienti
1327 2043 1469 2090 quam

128 2103 225 2166 regi
250 2095 385 2165 quus
406 2102 636 2150 auxilium
658 2102 962 2167 imploratur!
991 2103 1119 2166 quod
1148 2104 1341 2152 Aenean

902 2208 1120 2262 stratisque
1143 2206 1288 2248 locavit

260 2270 459 2311 Effultum
480 2271 591 2312 soliis
610 2284 655 2312 ac
677 2271 784 2326 pelle
805 2270 1035 2325 Libystidis
1058 2286 1175 2313 ursae
1186 2274 1214 2313 ¹⁸.

189 2419 222 2455 l.
253 2417 347 2454 Aen.
369 2414 482 2464 VIII,
511 2418 598 2453 156.

184 2478 224 2513 2.
254 2476 351 2513 Aen.
375 2473 490 2523 VIII,
525 2477 611 2513 161.
644 2471 720 2512 Hic
739 2485 900 2526 quoque
922 2471 1145 2526 Virgilium
1171 2472 1280 2512 idem
1305 2472 1477 2526 scriptor

132 2532 402 2587 reprehendit,
418 2531 515 2571 dum
539 2531 792 2571 obliviscitur
810 2531 866 2571 ita
886 2531 1028 2571 heroas
1050 2540 1087 2572 et
1108 2531 1217 2586 apud
1236 2533 1476 2583 Homerum,

131 2591 287 2632 laudari
311 2591 453 2632 solere.
483 2608 503 2626 α
522 2590 733 2632 Comment
752 2590 789 2630 le
805 2592 899 2645 pere
920 2590 968 2630 de
987 2590 1123 2631 Pallas
1142 2605 1191 2630 ne
1209 2598 1347 2632 trouve
1365 2590 1436 2631 t-il
1455 2592 1479 2631 ὲ,

132 2650 310 2703 celebrer
333 2651 433 2690 dans
458 2663 531 2690 son
555 2649 696 2690 ancien
716 2649 797 2689 ami
819 2650 969 2704 qu’une
987 2650 1098 2691 taille
1122 2651 1253 2691 elevee
1278 2654 1324 2691 n?

259 2710 372 2759 VIII,
399 2714 484 2750 136.
518 2733 569 2739 —
601 2714 636 2749 4.
671 2714 759 2750 367.
