1758 2903
641 148 851 183 ⁴..51-

74 243 264 281 senatus
294 234 326 280 i.
357 249 400 281 e.
427 234 649 297 princeps
675 233 980 297 significetur.
1009 232 1145 289 Quod
1175 233 1214 280 si
1236 235 1288 290 11,
1322 234 1416 283 260

72 325 432 374 comparamus:

471 397 666 451 Laetique
688 410 780 437 cavo
805 411 847 437 se
870 396 1013 437 robore
1036 404 1243 451 promunt.

182 484 1256 505 ................

180 545 1257 557 ················

180 578 422 634 Pelidesque
444 581 737 635 Neoptolemus
762 580 1001 634 primusque
1024 580 1243 627 Machaon,

72 686 345 734 adverbium
371 688 659 750 putabimus,
690 689 764 733 sin
785 688 898 747 VIII,
924 688 1007 733 281

178 798 351 852 Jamque
374 797 600 838 sacerdotes
621 797 860 851 primusque
879 796 1056 836 Potitius
1076 796 1206 850 ibant,

71 904 206 952 alteri
231 906 378 968 magis
401 905 695 968 explicationi
720 904 997 952 favebimus.
1024 923 1045 947 »
1066 903 1154 951 Sed
1175 919 1228 950 ea
1246 903 1426 951 tollitur

74 981 323 1029 difficultas
370 982 451 1029 ubi
498 986 765 1045 conjectura
814 981 870 1028 de
918 989 1082 1028 senatu
1132 989 1419 1028 removetur.

72 1059 254 1105 Aeneas
287 1059 410 1105 enim
445 1059 652 1120 primum
694 1066 893 1120 patr-em,
923 1057 972 1104 id
1007 1065 1094 1116 est,
1123 1064 1175 1104 ut
1205 1057 1424 1120 intelligit

73 1135 282 1191 Servius,
320 1143 426 1180 ante
462 1150 694 1197 proceres,
736 1134 966 1194 consulit3
1004 1150 1098 1181 non
1140 1135 1316 1181 mirum
1354 1142 1425 1181 est

73 1227 184 1258 eum
209 1212 415 1274 primum
442 1211 580 1269 adiri,
609 1212 689 1272 qui
711 1211 947 1270 erraverit,
975 1212 1247 1274 praesertim
1275 1227 1425 1273 quum

75 1288 136 1334 sit
173 1295 318 1351 pater,
358 1296 608 1350 antequam
643 1288 701 1334 ab
742 1287 848 1334 aliis
883 1289 1156 1335 sententiam
1192 1287 1421 1350 postules.

74 1364 253 1427 DIgnus
280 1372 377 1410 erat
404 1379 513 1410 sane
548 1363 657 1427 pius
684 1364 860 1411 Aeneas
889 1364 971 1427 qui
1000 1364 1124 1427 patri
1155 1365 1219 1410 ita
1245 1379 1425 1411 morem

73 1446 264 1504 gereret.

139 1515 276 1562 Plura
320 1514 533 1579 eJusdem
577 1515 761 1579 generis
812 1515 1025 1576 exempla
1072 1531 1326 1579 congerere
1374 1517 1425 1562 in

74 1601 296 1658 promptu
345 1594 421 1639 sit.
463 1594 649 1657 Legitur
690 1594 738 1640 in
781 1593 1000 1640 Lerschio
1042 1613 1064 1636 α
1103 1592 1229 1656 apud
1271 1595 1424 1642 Maro-

76 1687 184 1718 nem
209 1672 271 1729 X,
301 1672 414 1719 364:

315 1782 464 1822 Haeret
484 1781 587 1836 pede
608 1794 680 1834 pes
704 1780 936 1833 densusque
959 1779 1044 1820 viro
1064 1778 1139 1821 vir.

75 1890 134 1948 X,
158 1890 252 1935 734
273 1906 282 1933 :

182 1996 336 2038 Obvius
356 1997 604 2052 adversoque
631 1997 804 2038 occurrit
833 2009 958 2050 seque
978 1996 1065 2037 viro
1088 1996 1149 2036 vir

183 2061 378 2103 Contulit.

73 2171 151 2229 XI,
185 2172 279 2218 632
304 2186 314 2216 :

182 2281 423 2336 Implicuere
449 2281 555 2322 inter
573 2296 614 2322 se
636 2281 742 2322 acies
764 2281 945 2335 legitque
967 2280 1100 2321 virum
1118 2279 1191 2319 vir.

78 2389 151 2436 Ad
174 2405 292 2452 quae
320 2390 534 2452 quamvis
556 2390 602 2435 in
637 2399 839 2436 mentem
868 2389 1025 2436 veniat
1049 2387 1237 2434 Homeri
1263 2402 1428 2435 versus

80 2465 133 2513 ll.
162 2467 277 2524 XIII,
302 2469 414 2524 131,

191 2576 312 2620 Ἀσπὶς
331 2576 385 2630 ἄρ’
406 2577 524 2616 ἀσπίδ’
540 2576 663 2629 ἔρειδε,
685 2577 784 2630 κόρυς
803 2576 921 2626 κόρυν,
953 2575 1061 2628 ἀνέρα
1081 2574 1111 2612 δ’
1133 2574 1221 2627 ἄιηρ

80 2693 237 2732 tamen
263 2699 356 2730 non
382 2699 436 2730 ex
462 2683 567 2742 hoc,
597 2683 678 2730 sed
707 2699 731 2729 e
758 2684 978 2730 Romanis
1005 2681 1238 2728 historicis
1260 2680 1434 2745 poetis*-
