1758 2903
370 695 464 742 lllis
488 710 595 741 vero
618 694 760 740 semel
781 693 989 748 remotis,
1017 697 1109 757 jam
1142 690 1464 756 quaerendum
1497 701 1566 741 est
1589 709 1649 740 an

305 788 456 819 mores
480 774 529 818 in
550 770 752 818 Aeneide
781 769 1002 833 descripti
1028 769 1228 817 heroicis
1255 786 1310 816 ex
1332 769 1490 833 aliqua
1514 778 1646 833 parte

306 849 480 895 similes
508 863 609 894 esse
637 848 900 893 videantur.

368 927 456 971 Res
483 925 530 970 in
556 924 826 970 universum
854 931 899 969 et
929 924 1082 986 primo
1113 930 1300 986 aspectu
1333 922 1649 970 consideranti

306 1002 569 1063 proximum
612 1016 720 1046 vero
757 1000 807 1045 fit
847 1000 1109 1063 oportuisse
1143 1009 1194 1046 ut
1223 998 1475 1062 aliquando
1505 999 1652 1062 Virgi-

303 1079 394 1124 lius
431 1078 640 1123 heroicos
683 1077 787 1122 illos
830 1092 1001 1135 mores,
1044 1075 1100 1122 de
1145 1077 1322 1139 quibus
1364 1091 1516 1122 sermo
1559 1084 1647 1133 est,

305 1153 598 1215 expresserit.
643 1153 976 1199 Deflectentem
1025 1153 1151 1199 enim
1199 1167 1225 1198 a
1276 1168 1434 1199 rerum
1483 1154 1650 1198 Home-

303 1230 506 1276 ricarum
541 1229 816 1286 imitatione,
862 1228 1090 1291 plurima,
1128 1237 1181 1276 ut
1218 1228 1419 1287 videtur,
1466 1244 1652 1275 revoca-

303 1314 408 1353 tura
434 1315 564 1352 erant
592 1323 601 1350 z
634 1307 844 1368 primurn
870 1306 969 1352 viro
997 1306 1085 1362 illi,
1121 1306 1302 1352 Aeneae
1334 1305 1527 1364 scilicet,
1565 1321 1652 1353 cu-

299 1387 381 1445 Jus
414 1397 462 1428 se
501 1381 746 1444 profitetur
784 1397 858 1428 res
906 1391 1060 1444 gestas
1105 1398 1159 1429 ae
1200 1398 1364 1429 cursus
1406 1390 1649 1428 enarratu-

306 1474 411 1504 rum
447 1473 561 1515 esse,
598 1467 770 1521 partes,
806 1467 858 1505 ut
901 1475 994 1504 non
1043 1460 1243 1522 primae,
1275 1459 1339 1505 ita
1373 1466 1494 1504 certe
1531 1458 1645 1504 insi-

304 1535 496 1598 gnesin
531 1534 672 1581 Iliade
711 1535 991 1581 mandantur
1035 1550 1045 1581 ε
1093 1534 1255 1581 debuit
1303 1535 1450 1597 igitur
1489 1534 1645 1590 heros,

308 1628 454 1674 quum
489 1627 512 1657 e
538 1612 747 1657 carmine
771 1612 1017 1657 Homerico
1053 1613 1100 1656 in
1136 1611 1390 1658 Aeneidem
1418 1626 1650 1657 commea-

308 1698 393 1741 ret,
427 1703 519 1732 non
553 1687 702 1732 solum
739 1703 909 1750 magna
935 1703 989 1733 ex
1032 1696 1161 1749 parte
1200 1686 1406 1734 indolem
1433 1687 1648 1744 retinere,

308 1763 388 1809 sed
415 1764 550 1809 etiam
570 1778 719 1808 moses
739 1780 791 1809 ac
807 1763 1171 1810 consuetudines
1195 1763 1458 1826 aequalium
1491 1779 1651 1809 secum

309 1841 576 1902 importare.
616 1839 816 1895 Quidam
853 1842 979 1886 enim
1019 1849 1088 1886 est
1118 1857 1270 1886 rerum
1301 1856 1354 1886 ac
1394 1848 1650 1903 temporum

308 1917 435 1963 color
471 1918 534 1963 ita
564 1933 671 1963 cum
711 1918 925 1979 personis
955 1916 1207 1963 cohaerens
1244 1925 1293 1963 ut
1325 1916 1410 1962 has
1451 1916 1650 1962 carmini

309 1993 547 2049 adhibere,
600 1993 734 2039 illum
777 2009 885 2039 vero
927 1995 1119 2039 omnino
1165 2001 1348 2038 mutare
1401 2008 1454 2038 ac
1493 1990 1651 2039 delere

308 2072 386 2116 vix
422 2085 584 2127 qucaS.
627 2070 937 2124 Quantumvis
968 2069 1115 2115 multa
1151 2069 1282 2130 quasi
1321 2069 1526 2130 picturae
1571 2078 1651 2114 aut

308 2145 541 2193 addideris
567 2154 647 2192 aut
667 2146 908 2200 ademeris,
942 2161 1126 2192 necesse
1146 2153 1216 2191 est
1242 2153 1291 2190 ut
1312 2145 1602 2207 pigmentum
1625 2161 1652 2191 a.

312 2223 460 2284 primo
489 2222 662 2267 artifice
689 2221 931 2267 inductum
959 2229 1189 2283 appareat.
1219 2221 1360 2283 Finge
1382 2219 1465 2267 tibi
1494 2221 1651 2268 animo

309 2300 724 2359 Agamemnonem,
780 2306 858 2344 aut
910 2298 1055 2344 alium
1097 2297 1348 2360 quemlibet
1398 2312 1422 2342 e
1461 2298 1651 2346 Graecis

309 2375 529 2422 heroibus
559 2393 567 2419 :
595 2377 817 2421 continuo
844 2376 925 2421 tibi
958 2375 1131 2421 videris
1169 2376 1286 2420 inter
1322 2390 1488 2421 currus
1513 2373 1651 2420 helli-

309 2468 387 2497 cos
416 2452 609 2508 vers-iri,
636 2453 839 2498 virorum
868 2454 1003 2513 quasi
1032 2452 1286 2514 composita
1310 2452 1428 2496 inter
1445 2465 1495 2496 se
1523 2450 1652 2511 paria
1685 2440 1689 2445 ’

310 2529 592 2589 prospicere,
630 2530 833 2574 convicia
871 2529 979 2575 hinc
1014 2528 1122 2590 inde
1158 2538 1264 2574 ante
1300 2526 1650 2573 dimicationem

310 2603 366 2649 ab
407 2610 603 2666 utroque
648 2604 913 2650 adversario
947 2610 1120 2667 jactata
1160 2603 1351 2659 audire3
1393 2610 1650 2650 conventus

310 2689 457 2725 autem
482 2679 674 2737 (lucum,
698 2696 864 2726 coenae
886 2680 943 2726 ab
961 2681 1077 2741 ipsis
1108 2688 1307 2741 paratae,
1328 2695 1456 2726 sacra
1476 2677 1649 2740 quibus
