1758 2903
848 134 1087 170 —126—

293 226 428 284 poeta
454 220 567 282 quin
590 219 690 282 ipse
717 233 874 266 secum
897 222 1016 267 Deos
1037 220 1188 267 furere
1218 220 1427 278 miretur,
1449 221 1530 285 qui
1555 237 1637 269 ex-⁵

291 296 575 343 clamaverit.

637 406 844 447 Tantaene
863 406 1012 446 animis
1042 405 1285 447 coelestibus
1316 407 1453 449 irae¹?

288 513 504 560 Attamen
531 522 572 559 et
603 514 883 559 irascentem
914 516 1147 561 Iunonem
1174 521 1218 560 et
1240 515 1332 561 iras
1362 530 1473 562 suas
1499 517 1635 579 quasi

289 589 521 636 foventem
564 589 806 653 depingit,
846 589 953 636 dein
999 590 1259 653 mitigatam
1295 590 1507 650 inducit,
1547 608 1634 656 spe

290 665 396 712 data
429 665 526 712 fore
563 675 616 712 ut
649 665 901 728 aliquando
937 666 1091 712 omnis
1128 665 1209 713 ille
1241 666 1375 713 furor
1402 666 1636 716 deferves-

289 748 380 789 cat.
432 743 667 789 Misenum
711 744 870 789 Triton
909 742 1080 789 aemuli
1123 743 1417 806 impafiens',
1462 743 1639 793 dicitur

287 833 408 882 aqua
435 819 682 879 mers-isse;
709 818 838 866 addit
863 819 1053 882 quiiem
1074 825 1208 881 poeta
1242 838 1263 862 «
1285 819 1324 865 si
1351 819 1539 867 credere
1565 819 1638 867 di-

287 911 434 959 gnum
454 916 473 938 »
492 897 520 942 ³.
550 894 639 942 Sed
656 911 796 963 quam
822 895 968 942 multa
993 895 1049 942 ab
1076 898 1271 942 Homero
1291 896 1509 944 ceterisve
1529 913 1638 961 poe·

289 972 350 1018 tis
385 972 642 1035 excogitata
675 972 888 1031 retinuit,
909 988 1025 1035 quae
1056 988 1222 1035 parum
1259 971 1403 1035 digna
1437 988 1540 1020 esse
1565 974 1638 1020 vi·

289 1048 455 1094 dentur
495 1048 673 1111 quibus
714 1047 990 1095 adhibeatur
1035 1048 1184 1095 fides!
1215 1050 1300 1095 Hic
1347 1057 1634 1097 memoratur

287 1125 511 1170 Venerem
545 1140 571 1170 a
607 1124 827 1171 Diomede
862 1124 1150 1172 vulneratam
1182 1141 1299 1181 esse,
1336 1141 1478 1189 quam
1503 1126 1636 1174 fabu-

288 1200 378 1247 lam
403 1217 497 1247 non
519 1201 767 1247 committit
796 1203 922 1248 Maro
950 1210 1002 1247 ut
1025 1208 1232 1263 respuat,
1261 1203 1474 1265 quamvis
1517 1202 1634 1250 alias

287 1277 507 1324 arbitrari
537 1277 754 1324 videatur
787 1287 832 1325 et
871 1287 993 1324 certe
1025 1278 1278 1324 arbitretur
1303 1281 1421 1325 Deos
1442 1295 1527 1326 sua
1552 1294 1635 1325 na-

287 1361 393 1400 tura
432 1363 562 1400 tanto
605 1353 851 1418 sacrilegio
891 1355 1090 1400 minime
1113 1353 1342 1401 obnoxios
1368 1371 1489 1403 esse.
1531 1354 1634 1403 Illic

287 1430 446 1495 Stygia
469 1431 620 1494 palus,

447 1535 539 1576 Una
558 1535 794 1589 superstitio
817 1535 974 1590 superis
997 1549 1100 1590 quae
1123 1535 1282 1577 reddita
1297 1536 1453 1589 Divis⁶‚

286 1655 314 1686 a
331 1644 517 1703 Jurante
539 1642 647 1687 Jove
666 1639 914 1686 adhibetur
932 1640 1083 1699 testiS,
1104 1640 1240 1703 quasi
1270 1641 1359 1698 Dii,
1379 1656 1526 1702 quum
1549 1655 1636 1703 per

286 1707 403 1764 Deos
419 1716 669 1763 hominum
700 1731 827 1762 more
844 1720 1003 1779 jurare
1024 1732 1117 1762 non
1136 1725 1344 1780 possent,
1363 1717 1518 1763 nescio
1539 1733 1634 1780 quo

284 1795 452 1840 timore
487 1792 746 1839 inferorum
785 1792 843 1838 ad
882 1792 1022 1839 fidem
1068 1792 1345 1839 servandam
1398 1792 1631 1857 obstringi

285 1870 520 1917 deberent.
549 1871 736 1916 Constat
758 1870 1029 1917 Homericos
1047 1872 1166 1916 Deos
1191 1885 1218 1916 a
1240 1869 1437 1917 consilio
1461 1885 1633 1933 propo-

285 1948 371 1994 sito
393 1963 488 1993 non
513 1963 616 1993 raro
638 1946 921 2005 desciscere3
952 1962 1038 1993 nec
1063 1951 1286 2010 maJ‘orem
1313 1948 1629 1994 constantiam

283 2023 528 2086 virgiliani
561 2031 814 2091 praestant,
846 2038 992 2085 quare
1021 2025 1043 2070 J
1050 2038 1141 2069 uno
1163 2024 1320 2070 Jovem
1347 2023 1413 2070 sic
1436 2022 1634 2088 alloqui-

283 2106 363 2144 tur
391 2115 401 2143 ε

469 2160 519 2200 In
543 2160 690 2200 melius
711 2166 794 2208 tua,
819 2162 888 2210 qui
903 2167 1020 2211 potes,
1047 2173 1137 2200 orsa
1161 2160 1387 2200 reflectas⁵l

284 2261 458 2310 scilicet
478 2261 619 2309 deum
645 2261 917 2308 mutabilem
943 2277 996 2307 ac
1019 2262 1282 2309 versati'em
1312 2277 1413 2309 esse
1438 2278 1531 2309 non
1557 2278 1630 2310 se·-

337 2403 375 2497 ἑ.
406 2397 648 2506 gilqzlteIdliilo
669 2456 907 2509 Thamyrim
928 2469 1021 2496 voce
1043 2455 1252 2510 oculisque
1276 2455 1463 2496 orbatum
1481 2469 1505 2496 a
1525 2456 1629 2497 Mu·-

282 2515 339 2555 sis
359 2516 421 2566 (Il.
449 2516 503 2565 Π,
524 2517 631 2568 594),
655 2515 854 2568 Eurytum
876 2514 1037 2568 sagittis
1069 2513 1272 2569 Apollinis
1296 2514 1502 2555 aemulum
1519 2513 1630 2555 indi-

282 2573 395 2628 gnati
418 2574 642 2614 confectum
663 2574 748 2627 (Od.
771 2574 884 2625 VIII,
901 2575 994 2626 226)
1018 2573 1061 2613 in
1086 2574 1324 2614 memoriam
1348 2580 1517 2614 revocat.

336 2638 374 2732 ἶ.
405 2634 613 2741 {iifgim
650 2691 708 2732 cf.
736 2692 807 2744 IX,
839 2697 933 2743 1033
958 2693 1009 2743 Χ
1038 2697 1123 2733 113.
1156 2715 1207 2722 —
1237 2697 1274 2732 5.
1307 2692 1359 2743 X,
1383 2696 1473 2732 632.
