<?xml version="1.0" encoding="UTF-8"?>
<!DOCTYPE html PUBLIC "-//W3C//DTD XHTML 1.0 Transitional//EN"
    "http://www.w3.org/TR/xhtml1/DTD/xhtml1-transitional.dtd">
<html xmlns="http://www.w3.org/1999/xhtml" xml:lang="en" lang="en">
 <head>
  <title>
</title>
<meta http-equiv="Content-Type" content="text/html;charset=utf-8" />
  <meta name='ocr-system' content='tesseract 3.04.00' />
  <meta name='ocr-capabilities' content='ocr_page ocr_carea ocr_par ocr_line ocrx_word'/>
</head>
<body>
  <div class='ocr_page' id='page_1' title='image "./demorumindoleinv00bouguoft_0122.png"; bbox 0 0 1758 2903; ppageno 0'>
   <div class='ocr_carea' id='block_1_1' title="bbox 905 145 1143 182">
    <p class='ocr_par' dir='ltr' id='par_1_1' title="bbox 905 145 1143 182">
     <span class='ocr_line' id='line_1_1' title="bbox 905 145 1143 182; baseline 0 0"><span class='ocrx_word' id='word_1_1' title='bbox 905 145 1143 182; x_wconf 86' lang='lat'>-100—</span> 
     </span>
    </p>
   </div>
   <div class='ocr_carea' id='block_1_2' title="bbox 586 214 1279 287">
    <p class='ocr_par' dir='ltr' id='par_1_2' title="bbox 586 214 1279 287">
     <span class='ocr_line' id='line_1_2' title="bbox 586 214 1279 287; baseline 0.001 -16"><span class='ocrx_word' id='word_1_2' title='bbox 586 231 671 272; x_wconf 83' lang='lat' dir='ltr'>fixit</span> <span class='ocrx_word' id='word_1_3' title='bbox 692 230 803 285; x_wconf 86' lang='lat' dir='ltr'>leges</span> <span class='ocrx_word' id='word_1_4' title='bbox 821 231 949 287; x_wconf 89' lang='lat' dir='ltr'>pretio</span> <span class='ocrx_word' id='word_1_5' title='bbox 973 240 1094 286; x_wconf 86' lang='lat' dir='ltr'>atque</span> <span class='ocrx_word' id='word_1_6' title='bbox 1112 214 1279 284; x_wconf 82' lang='lat' dir='ltr'>refixit¹,</span> 
     </span>
    </p>
   </div>
   <div class='ocr_carea' id='block_1_3' title="bbox 345 333 1758 778">
    <p class='ocr_par' dir='ltr' id='par_1_3' title="bbox 345 333 1758 778">
     <span class='ocr_line' id='line_1_3' title="bbox 348 333 1758 396; baseline 0 -16"><span class='ocrx_word' id='word_1_7' title='bbox 348 335 466 381; x_wconf 90' lang='lat' dir='ltr'>civis</span> <span class='ocrx_word' id='word_1_8' title='bbox 490 336 729 380; x_wconf 87' lang='lat' dir='ltr'>Romanus</span> <span class='ocrx_word' id='word_1_9' title='bbox 755 341 843 391; x_wconf 82' lang='lat' dir='ltr'>est,</span> <span class='ocrx_word' id='word_1_10' title='bbox 865 349 1012 396; x_wconf 93' lang='lat' dir='ltr'>quum</span> <span class='ocrx_word' id='word_1_11' title='bbox 1035 336 1203 381; x_wconf 85' lang='lat' dir='ltr'>Romae</span> <span class='ocrx_word' id='word_1_12' title='bbox 1226 349 1334 379; x_wconf 89' lang='lat' dir='ltr'>aera</span> <span class='ocrx_word' id='word_1_13' title='bbox 1353 333 1473 396; x_wconf 89' lang='lat' dir='ltr'>leges</span> <span class='ocrx_word' id='word_1_14' title='bbox 1496 334 1695 396; x_wconf 86' lang='lat' dir='ltr'>inscrip-</span> <span class='ocrx_word' id='word_1_15' title='bbox 1754 385 1758 388; x_wconf 17' lang='grc' dir='ltr'><em>Α</em></span> 
     </span>
     <span class='ocr_line' id='line_1_4' title="bbox 347 407 1758 473; baseline 0.001 -19"><span class='ocrx_word' id='word_1_16' title='bbox 347 419 419 456; x_wconf 86' lang='lat' dir='ltr'>tas</span> <span class='ocrx_word' id='word_1_17' title='bbox 450 410 659 473; x_wconf 77' lang='lat' dir='ltr'><strong>gerentia</strong></span> <span class='ocrx_word' id='word_1_18' title='bbox 694 407 856 471; x_wconf 88' lang='lat' dir='ltr'>templi</span> <span class='ocrx_word' id='word_1_19' title='bbox 894 409 1150 469; x_wconf 88' lang='lat' dir='ltr'>parietibus</span> <span class='ocrx_word' id='word_1_20' title='bbox 1187 408 1375 472; x_wconf 88' lang='lat' dir='ltr'>affigere</span> <span class='ocrx_word' id='word_1_21' title='bbox 1407 425 1511 456; x_wconf 92' lang='lat' dir='ltr'>mos</span> <span class='ocrx_word' id='word_1_22' title='bbox 1549 419 1690 456; x_wconf 85' lang='lat' dir='ltr'>esset.</span> <span class='ocrx_word' id='word_1_23' title='bbox 1754 448 1758 456; x_wconf 92' lang='lat'><em>.</em></span> 
     </span>
     <span class='ocr_line' id='line_1_5' title="bbox 347 484 1758 548; baseline -0.003 -14"><span class='ocrx_word' id='word_1_24' title='bbox 347 489 525 534; x_wconf 82' lang='lat' dir='ltr'>Rursus</span> <span class='ocrx_word' id='word_1_25' title='bbox 551 501 644 532; x_wconf 88' lang='lat' dir='ltr'>non</span> <span class='ocrx_word' id='word_1_26' title='bbox 673 486 824 532; x_wconf 90' lang='lat' dir='ltr'>solum</span> <span class='ocrx_word' id='word_1_27' title='bbox 860 484 919 532; x_wconf 90' lang='lat' dir='ltr'>oh</span> <span class='ocrx_word' id='word_1_28' title='bbox 957 486 1123 531; x_wconf 88' lang='lat' dir='ltr'>merita</span> <span class='ocrx_word' id='word_1_29' title='bbox 1159 485 1426 532; x_wconf 81' lang='lat' dir='ltr'>mercedem</span> <span class='ocrx_word' id='word_1_30' title='bbox 1456 486 1695 548; x_wconf 85' lang='lat' dir='ltr'>accipiunt</span> <span class='ocrx_word' id='word_1_31' title='bbox 1753 527 1758 530; x_wconf 81' lang='lat'>.</span> 
     </span>
     <span class='ocr_line' id='line_1_6' title="bbox 349 560 1758 625; baseline -0.001 -16"><span class='ocrx_word' id='word_1_32' title='bbox 349 564 540 616; x_wconf 77' lang='lat' dir='ltr'>moitui‚</span> <span class='ocrx_word' id='word_1_33' title='bbox 573 562 655 608; x_wconf 91' lang='lat' dir='ltr'>sed</span> <span class='ocrx_word' id='word_1_34' title='bbox 681 578 733 608; x_wconf 90' lang='lat' dir='ltr'>ea</span> <span class='ocrx_word' id='word_1_35' title='bbox 757 568 868 608; x_wconf 88' lang='lat' dir='ltr'>sunt</span> <span class='ocrx_word' id='word_1_36' title='bbox 894 562 1059 607; x_wconf 82' lang='lat' dir='ltr'>merita</span> <span class='ocrx_word' id='word_1_37' title='bbox 1094 577 1213 624; x_wconf 89' lang='lat' dir='ltr'>quae</span> <span class='ocrx_word' id='word_1_38' title='bbox 1250 568 1433 607; x_wconf 87' lang='lat' dir='ltr'>tantum</span> <span class='ocrx_word' id='word_1_39' title='bbox 1461 560 1586 624; x_wconf 83' lang='lat' dir='ltr'>apud</span> <span class='ocrx_word' id='word_1_40' title='bbox 1612 577 1694 625; x_wconf 88' lang='lat' dir='ltr'>po·</span> <span class='ocrx_word' id='word_1_41' title='bbox 1751 562 1758 566; x_wconf 64' lang='grc'><em>’</em></span> 
     </span>
     <span class='ocr_line' id='line_1_7' title="bbox 348 637 1692 702; baseline 0 -17"><span class='ocrx_word' id='word_1_42' title='bbox 348 639 486 702; x_wconf 87' lang='lat' dir='ltr'>pulos</span> <span class='ocrx_word' id='word_1_43' title='bbox 522 644 620 701; x_wconf 89' lang='lat' dir='ltr'>jam</span> <span class='ocrx_word' id='word_1_44' title='bbox 653 638 952 702; x_wconf 74' lang='lat' dir='ltr'>philosophia</span> <span class='ocrx_word' id='word_1_45' title='bbox 988 647 1125 700; x_wconf 88' lang='lat' dir='ltr'>atque</span> <span class='ocrx_word' id='word_1_46' title='bbox 1161 654 1252 685; x_wconf 85' lang='lat' dir='ltr'>usu</span> <span class='ocrx_word' id='word_1_47' title='bbox 1289 653 1445 685; x_wconf 87' lang='lat' dir='ltr'>rerum</span> <span class='ocrx_word' id='word_1_48' title='bbox 1486 637 1692 685; x_wconf 84' lang='lat' dir='ltr'>excultos</span> 
     </span>
     <span class='ocr_line' id='line_1_8' title="bbox 345 712 1692 778; baseline 0 -16"><span class='ocrx_word' id='word_1_49' title='bbox 345 715 540 778; x_wconf 85' lang='lat' dir='ltr'>plurimi</span> <span class='ocrx_word' id='word_1_50' title='bbox 567 718 890 762; x_wconf 80' lang='lat' dir='ltr'>aestimantur.</span> <span class='ocrx_word' id='word_1_51' title='bbox 909 715 1011 761; x_wconf 89' lang='lat' dir='ltr'>Vita</span> <span class='ocrx_word' id='word_1_52' title='bbox 1034 714 1177 778; x_wconf 85' lang='lat' dir='ltr'>igitur</span> <span class='ocrx_word' id='word_1_53' title='bbox 1193 714 1330 761; x_wconf 86' lang='lat' dir='ltr'>beata</span> <span class='ocrx_word' id='word_1_54' title='bbox 1351 714 1443 761; x_wconf 89' lang='lat' dir='ltr'>frui</span> <span class='ocrx_word' id='word_1_55' title='bbox 1461 712 1692 762; x_wconf 84' lang='lat' dir='ltr'>dicuntur</span> 
     </span>
    </p>
   </div>
   <div class='ocr_carea' id='block_1_4' title="bbox 481 822 1481 944">
    <p class='ocr_par' dir='ltr' id='par_1_4' title="bbox 481 822 1481 944">
     <span class='ocr_line' id='line_1_9' title="bbox 481 822 1448 879; baseline 0.001 -15"><span class='ocrx_word' id='word_1_56' title='bbox 481 825 670 865; x_wconf 80' lang='lat' dir='ltr'>Inventas</span> <span class='ocrx_word' id='word_1_57' title='bbox 693 831 762 864; x_wconf 87' lang='lat' dir='ltr'>aut</span> <span class='ocrx_word' id='word_1_58' title='bbox 777 822 848 878; x_wconf 87' lang='lat' dir='ltr'>qui</span> <span class='ocrx_word' id='word_1_59' title='bbox 871 823 996 863; x_wconf 86' lang='lat' dir='ltr'>vitam</span> <span class='ocrx_word' id='word_1_60' title='bbox 1016 822 1223 864; x_wconf 82' lang='lat' dir='ltr'>excoluere</span> <span class='ocrx_word' id='word_1_61' title='bbox 1246 837 1319 879; x_wconf 90' lang='lat' dir='ltr'>per</span> <span class='ocrx_word' id='word_1_62' title='bbox 1340 830 1448 865; x_wconf 82' lang='lat' dir='ltr'>artes</span> 
     </span>
     <span class='ocr_line' id='line_1_10' title="bbox 481 888 1481 944; baseline -0.001 -15"><span class='ocrx_word' id='word_1_63' title='bbox 481 889 641 944; x_wconf 85' lang='lat' dir='ltr'>Quique</span> <span class='ocrx_word' id='word_1_64' title='bbox 663 888 727 929; x_wconf 83' lang='lat' dir='ltr'>sui</span> <span class='ocrx_word' id='word_1_65' title='bbox 757 902 955 929; x_wconf 88' lang='lat' dir='ltr'>memores</span> <span class='ocrx_word' id='word_1_66' title='bbox 979 888 1080 929; x_wconf 87' lang='lat' dir='ltr'>alios</span> <span class='ocrx_word' id='word_1_67' title='bbox 1102 888 1228 929; x_wconf 86' lang='lat' dir='ltr'>fecere</span> <span class='ocrx_word' id='word_1_68' title='bbox 1251 888 1481 930; x_wconf 78' lang='lat' dir='ltr'>merend02.</span> 
     </span>
    </p>
   </div>
   <div class='ocr_carea' id='block_1_5' title="bbox 347 990 1758 2358">
    <p class='ocr_par' dir='ltr' id='par_1_5' title="bbox 347 990 1758 2358">
     <span class='ocr_line' id='line_1_11' title="bbox 350 990 1758 1053; baseline -0.001 -16"><span class='ocrx_word' id='word_1_69' title='bbox 350 992 440 1046; x_wconf 88' lang='lat' dir='ltr'>Qui</span> <span class='ocrx_word' id='word_1_70' title='bbox 473 1007 635 1038; x_wconf 88' lang='lat' dir='ltr'>versus</span> <span class='ocrx_word' id='word_1_71' title='bbox 664 991 848 1053; x_wconf 80' lang='lat' dir='ltr'>egregio</span> <span class='ocrx_word' id='word_1_72' title='bbox 873 1005 1014 1036; x_wconf 88' lang='lat' dir='ltr'>sensu</span> <span class='ocrx_word' id='word_1_73' title='bbox 1047 990 1258 1052; x_wconf 81' lang='lat' dir='ltr'>insignes</span> <span class='ocrx_word' id='word_1_74' title='bbox 1286 998 1328 1036; x_wconf 91' lang='lat' dir='ltr'>et</span> <span class='ocrx_word' id='word_1_75' title='bbox 1351 997 1507 1053; x_wconf 86' lang='lat' dir='ltr'>poetae</span> <span class='ocrx_word' id='word_1_76' title='bbox 1529 990 1694 1036; x_wconf 87' lang='lat' dir='ltr'>huma·</span> <span class='ocrx_word' id='word_1_77' title='bbox 1756 1025 1758 1046; x_wconf 48' lang='lat'><em>2</em></span> 
     </span>
     <span class='ocr_line' id='line_1_12' title="bbox 348 1065 1692 1128; baseline -0.001 -15"><span class='ocrx_word' id='word_1_78' title='bbox 348 1068 497 1113; x_wconf 82' lang='lat' dir='ltr'>nioris</span> <span class='ocrx_word' id='word_1_79' title='bbox 530 1068 771 1127; x_wconf 76' lang='lat' dir='ltr'>ingenium</span> <span class='ocrx_word' id='word_1_80' title='bbox 798 1073 842 1112; x_wconf 90' lang='lat' dir='ltr'>et</span> <span class='ocrx_word' id='word_1_81' title='bbox 867 1067 1163 1128; x_wconf 85' lang='lat' dir='ltr'>elegantioris</span> <span class='ocrx_word' id='word_1_82' title='bbox 1196 1065 1340 1113; x_wconf 88' lang='lat' dir='ltr'>seculi</span> <span class='ocrx_word' id='word_1_83' title='bbox 1374 1065 1583 1112; x_wconf 87' lang='lat' dir='ltr'>indolem</span> <span class='ocrx_word' id='word_1_84' title='bbox 1614 1065 1692 1112; x_wconf 92' lang='lat' dir='ltr'>de—</span> 
     </span>
     <span class='ocr_line' id='line_1_13' title="bbox 349 1141 1692 1205; baseline -0.001 -16"><span class='ocrx_word' id='word_1_85' title='bbox 349 1143 544 1190; x_wconf 78' lang='lat' dir='ltr'>clarant.</span> <span class='ocrx_word' id='word_1_86' title='bbox 566 1145 655 1189; x_wconf 93' lang='lat' dir='ltr'>Nec</span> <span class='ocrx_word' id='word_1_87' title='bbox 683 1141 801 1188; x_wconf 87' lang='lat' dir='ltr'>illud</span> <span class='ocrx_word' id='word_1_88' title='bbox 823 1141 1213 1205; x_wconf 82' lang='lat' dir='ltr'>praetereundum</span> <span class='ocrx_word' id='word_1_89' title='bbox 1233 1149 1301 1188; x_wconf 88' lang='lat' dir='ltr'>est</span> <span class='ocrx_word' id='word_1_90' title='bbox 1323 1141 1447 1204; x_wconf 90' lang='lat' dir='ltr'>quod</span> <span class='ocrx_word' id='word_1_91' title='bbox 1467 1141 1692 1204; x_wconf 83' lang='lat' dir='ltr'>Virgilius</span> 
     </span>
     <span class='ocr_line' id='line_1_14' title="bbox 347 1218 1755 1280; baseline -0.001 -14"><span class='ocrx_word' id='word_1_92' title='bbox 347 1219 662 1267; x_wconf 86' lang='lat' dir='ltr'>sacerdotibus</span> <span class='ocrx_word' id='word_1_93' title='bbox 699 1227 856 1266; x_wconf 88' lang='lat' dir='ltr'>sancte</span> <span class='ocrx_word' id='word_1_94' title='bbox 891 1227 1107 1280; x_wconf 87' lang='lat' dir='ltr'>casteque</span> <span class='ocrx_word' id='word_1_95' title='bbox 1148 1218 1303 1265; x_wconf 78' lang='lat' dir='ltr'>officio</span> <span class='ocrx_word' id='word_1_96' title='bbox 1330 1218 1504 1265; x_wconf 84' lang='lat' dir='ltr'>functis</span> <span class='ocrx_word' id='word_1_97' title='bbox 1532 1233 1691 1280; x_wconf 90' lang='lat' dir='ltr'>parem</span> <span class='ocrx_word' id='word_1_98' title='bbox 1751 1273 1755 1277; x_wconf 21' lang='lat'><strong>⁴</strong></span> 
     </span>
     <span class='ocr_line' id='line_1_15' title="bbox 348 1294 1758 1359; baseline -0.002 -16"><span class='ocrx_word' id='word_1_99' title='bbox 348 1306 488 1359; x_wconf 77' lang='lat' dir='ltr'>atque</span> <span class='ocrx_word' id='word_1_100' title='bbox 512 1297 569 1343; x_wconf 89' lang='lat' dir='ltr'>iis</span> <span class='ocrx_word' id='word_1_101' title='bbox 590 1296 669 1359; x_wconf 85' lang='lat' dir='ltr'>qui</span> <span class='ocrx_word' id='word_1_102' title='bbox 690 1295 811 1342; x_wconf 91' lang='lat' dir='ltr'>bello</span> <span class='ocrx_word' id='word_1_103' title='bbox 837 1311 920 1358; x_wconf 79' lang='lat' dir='ltr'>pro</span> <span class='ocrx_word' id='word_1_104' title='bbox 945 1295 1095 1358; x_wconf 86' lang='lat' dir='ltr'>patria</span> <span class='ocrx_word' id='word_1_105' title='bbox 1125 1294 1396 1342; x_wconf 86' lang='lat' dir='ltr'>occiderunt</span> <span class='ocrx_word' id='word_1_106' title='bbox 1423 1294 1693 1342; x_wconf 84' lang='lat' dir='ltr'>felicitatem</span> <span class='ocrx_word' id='word_1_107' title='bbox 1755 1333 1758 1335; x_wconf 93' lang='lat'>.</span> 
     </span>
     <span class='ocr_line' id='line_1_16' title="bbox 347 1371 1693 1436; baseline -0.001 -17"><span class='ocrx_word' id='word_1_108' title='bbox 347 1374 552 1431; x_wconf 80' lang='lat' dir='ltr'>tribuat3</span> <span class='ocrx_word' id='word_1_109' title='bbox 585 1388 707 1436; x_wconf 91' lang='lat' dir='ltr'>quae</span> <span class='ocrx_word' id='word_1_110' title='bbox 738 1389 809 1420; x_wconf 89' lang='lat' dir='ltr'>res</span> <span class='ocrx_word' id='word_1_111' title='bbox 838 1387 931 1418; x_wconf 92' lang='lat' dir='ltr'>non</span> <span class='ocrx_word' id='word_1_112' title='bbox 958 1372 1076 1418; x_wconf 87' lang='lat' dir='ltr'>mira</span> <span class='ocrx_word' id='word_1_113' title='bbox 1104 1371 1338 1419; x_wconf 86' lang='lat' dir='ltr'>videbitur</span> <span class='ocrx_word' id='word_1_114' title='bbox 1365 1373 1406 1418; x_wconf 88' lang='lat' dir='ltr'>si</span> <span class='ocrx_word' id='word_1_115' title='bbox 1440 1387 1547 1418; x_wconf 91' lang='lat' dir='ltr'>cum</span> <span class='ocrx_word' id='word_1_116' title='bbox 1573 1371 1693 1417; x_wconf 86' lang='lat' dir='ltr'>Dits·</span> 
     </span>
     <span class='ocr_line' id='line_1_17' title="bbox 349 1447 1696 1513; baseline -0.001 -17"><span class='ocrx_word' id='word_1_117' title='bbox 349 1451 456 1497; x_wconf 84' lang='lat' dir='ltr'>chio</span> <span class='ocrx_word' id='word_1_118' title='bbox 512 1448 750 1513; x_wconf 89' lang='lat' dir='ltr'>reputabis</span> <span class='ocrx_word' id='word_1_119' title='bbox 791 1469 812 1492; x_wconf 95' lang='lat'>«</span> <span class='ocrx_word' id='word_1_120' title='bbox 853 1456 1140 1512; x_wconf 83' lang='lat' dir='ltr'>quantopere</span> <span class='ocrx_word' id='word_1_121' title='bbox 1187 1447 1443 1496; x_wconf 84' lang='lat' dir='ltr'>sacerdotia</span> <span class='ocrx_word' id='word_1_122' title='bbox 1497 1449 1548 1495; x_wconf 92' lang='lat' dir='ltr'>in</span> <span class='ocrx_word' id='word_1_123' title='bbox 1579 1462 1696 1495; x_wconf 34' lang='lat' dir='ltr'>*eon-</span> 
     </span>
     <span class='ocr_line' id='line_1_18' title="bbox 348 1525 1693 1590; baseline -0.001 -17"><span class='ocrx_word' id='word_1_124' title='bbox 348 1527 655 1590; x_wconf 80' lang='lat' dir='ltr'>temptionem</span> <span class='ocrx_word' id='word_1_125' title='bbox 697 1525 823 1589; x_wconf 86' lang='lat' dir='ltr'>apud</span> <span class='ocrx_word' id='word_1_126' title='bbox 865 1528 1095 1573; x_wconf 89' lang='lat' dir='ltr'>Romanos</span> <span class='ocrx_word' id='word_1_127' title='bbox 1134 1526 1389 1586; x_wconf 85' lang='lat' dir='ltr'>venissent,</span> <span class='ocrx_word' id='word_1_128' title='bbox 1423 1532 1693 1588; x_wconf 85' lang='lat' dir='ltr'>quantoque</span> 
     </span>
     <span class='ocr_line' id='line_1_19' title="bbox 348 1601 1758 1666; baseline -0.001 -17"><span class='ocrx_word' id='word_1_129' title='bbox 348 1603 504 1650; x_wconf 76' lang='lat' dir='ltr'>studio</span> <span class='ocrx_word' id='word_1_130' title='bbox 546 1604 788 1666; x_wconf 71' lang='lat' dir='ltr'>Augustus</span> <span class='ocrx_word' id='word_1_131' title='bbox 835 1602 894 1648; x_wconf 87' lang='lat' dir='ltr'>iis</span> <span class='ocrx_word' id='word_1_132' title='bbox 934 1603 1189 1665; x_wconf 81' lang='lat' dir='ltr'>pristinum</span> <span class='ocrx_word' id='word_1_133' title='bbox 1233 1602 1529 1665; x_wconf 84' lang='lat' dir='ltr'>splendorem</span> <span class='ocrx_word' id='word_1_134' title='bbox 1567 1601 1695 1648; x_wconf 67' lang='lat' dir='ltr'>resti·</span> <span class='ocrx_word' id='word_1_135' title='bbox 1756 1627 1758 1630; x_wconf 45' lang='lat'><em>⁴</em></span> 
     </span>
     <span class='ocr_line' id='line_1_20' title="bbox 348 1678 1693 1743; baseline 0.001 -19"><span class='ocrx_word' id='word_1_136' title='bbox 348 1679 572 1726; x_wconf 78' lang='lat' dir='ltr'>tuendum</span> <span class='ocrx_word' id='word_1_137' title='bbox 597 1679 852 1725; x_wconf 78' lang='lat' dir='ltr'>curaverit⁸</span> <span class='ocrx_word' id='word_1_138' title='bbox 881 1699 922 1723; x_wconf 79' lang='grc' dir='ltr'>υ.</span> <span class='ocrx_word' id='word_1_139' title='bbox 957 1679 1085 1735; x_wconf 86' lang='lat' dir='ltr'>Quid</span> <span class='ocrx_word' id='word_1_140' title='bbox 1116 1679 1287 1743; x_wconf 82' lang='lat' dir='ltr'>plura?</span> <span class='ocrx_word' id='word_1_141' title='bbox 1311 1679 1392 1726; x_wconf 87' lang='lat' dir='ltr'>Illa</span> <span class='ocrx_word' id='word_1_142' title='bbox 1419 1679 1475 1726; x_wconf 89' lang='lat' dir='ltr'>de</span> <span class='ocrx_word' id='word_1_143' title='bbox 1503 1680 1598 1726; x_wconf 83' lang='lat' dir='ltr'>vita</span> <span class='ocrx_word' id='word_1_144' title='bbox 1623 1678 1693 1725; x_wconf 83' lang='lat' dir='ltr'>fu·</span> 
     </span>
     <span class='ocr_line' id='line_1_21' title="bbox 347 1756 1693 1821; baseline 0.001 -18"><span class='ocrx_word' id='word_1_145' title='bbox 347 1768 454 1804; x_wconf 76' lang='lat' dir='ltr'>tura</span> <span class='ocrx_word' id='word_1_146' title='bbox 482 1757 711 1810; x_wconf 88' lang='lat' dir='ltr'>doctrina,</span> <span class='ocrx_word' id='word_1_147' title='bbox 737 1756 791 1802; x_wconf 88' lang='lat' dir='ltr'>de</span> <span class='ocrx_word' id='word_1_148' title='bbox 812 1756 1028 1819; x_wconf 78' lang='lat' dir='ltr'>piaculiS,</span> <span class='ocrx_word' id='word_1_149' title='bbox 1054 1756 1110 1802; x_wconf 90' lang='lat' dir='ltr'>de</span> <span class='ocrx_word' id='word_1_150' title='bbox 1133 1757 1403 1804; x_wconf 88' lang='lat' dir='ltr'>animorum</span> <span class='ocrx_word' id='word_1_151' title='bbox 1429 1758 1476 1803; x_wconf 94' lang='lat' dir='ltr'>in</span> <span class='ocrx_word' id='word_1_152' title='bbox 1500 1773 1693 1821; x_wconf 86' lang='lat' dir='ltr'>corpora</span> 
     </span>
     <span class='ocr_line' id='line_1_22' title="bbox 347 1832 1753 1896; baseline 0 -15"><span class='ocrx_word' id='word_1_153' title='bbox 347 1836 517 1893; x_wconf 69' lang='lat' dir='ltr'>reditu,</span> <span class='ocrx_word' id='word_1_154' title='bbox 558 1833 614 1880; x_wconf 91' lang='lat' dir='ltr'>de</span> <span class='ocrx_word' id='word_1_155' title='bbox 650 1834 809 1880; x_wconf 86' lang='lat' dir='ltr'>anima</span> <span class='ocrx_word' id='word_1_156' title='bbox 854 1832 1037 1891; x_wconf 76' lang='lat' dir='ltr'>mundi,</span> <span class='ocrx_word' id='word_1_157' title='bbox 1071 1849 1218 1895; x_wconf 75' lang='lat' dir='ltr'>quum</span> <span class='ocrx_word' id='word_1_158' title='bbox 1252 1849 1275 1879; x_wconf 93' lang='lat' dir='ltr'>e</span> <span class='ocrx_word' id='word_1_159' title='bbox 1307 1833 1598 1896; x_wconf 85' lang='lat' dir='ltr'>philosophis</span> <span class='ocrx_word' id='word_1_160' title='bbox 1633 1835 1695 1882; x_wconf 87' lang='lat' dir='ltr'>sit</span> <span class='ocrx_word' id='word_1_161' title='bbox 1750 1839 1753 1844; x_wconf 80' lang='grc'><strong>’</strong></span> 
     </span>
     <span class='ocr_line' id='line_1_23' title="bbox 350 1910 1758 1974; baseline 0.002 -19"><span class='ocrx_word' id='word_1_162' title='bbox 350 1913 490 1974; x_wconf 79' lang='lat' dir='ltr'>petita</span> <span class='ocrx_word' id='word_1_163' title='bbox 525 1912 619 1957; x_wconf 84' lang='lat' dir='ltr'>sive</span> <span class='ocrx_word' id='word_1_164' title='bbox 643 1927 668 1955; x_wconf 85' lang='lat' dir='ltr'>a</span> <span class='ocrx_word' id='word_1_165' title='bbox 701 1910 981 1973; x_wconf 74' lang='lat' dir='ltr'>Pythagora,</span> <span class='ocrx_word' id='word_1_166' title='bbox 1011 1911 1108 1955; x_wconf 81' lang='lat' dir='ltr'>sive</span> <span class='ocrx_word' id='word_1_167' title='bbox 1144 1927 1170 1956; x_wconf 87' lang='lat' dir='ltr'>a</span> <span class='ocrx_word' id='word_1_168' title='bbox 1196 1910 1401 1966; x_wconf 84' lang='lat' dir='ltr'>Platone,</span> <span class='ocrx_word' id='word_1_169' title='bbox 1432 1918 1529 1958; x_wconf 74' lang='lat' dir='ltr'>sive</span> <span class='ocrx_word' id='word_1_170' title='bbox 1555 1911 1694 1958; x_wconf 82' lang='lat' dir='ltr'>etiam</span> <span class='ocrx_word' id='word_1_171' title='bbox 1755 1916 1758 1918; x_wconf 75' lang='grc'><strong>’</strong></span> 
     </span>
     <span class='ocr_line' id='line_1_24' title="bbox 348 1983 1750 2049; baseline 0.001 -15"><span class='ocrx_word' id='word_1_172' title='bbox 348 2007 373 2034; x_wconf 81' lang='lat' dir='ltr'>a</span> <span class='ocrx_word' id='word_1_173' title='bbox 413 1988 592 2044; x_wconf 81' lang='lat' dir='ltr'>stoicis,</span> <span class='ocrx_word' id='word_1_174' title='bbox 636 1997 755 2033; x_wconf 87' lang='lat' dir='ltr'>certe</span> <span class='ocrx_word' id='word_1_175' title='bbox 799 2003 826 2032; x_wconf 85' lang='lat' dir='ltr'>a</span> <span class='ocrx_word' id='word_1_176' title='bbox 867 1986 1166 2049; x_wconf 78' lang='lat' dir='ltr'>simplicitate</span> <span class='ocrx_word' id='word_1_177' title='bbox 1203 1987 1283 2033; x_wconf 91' lang='lat' dir='ltr'>illa</span> <span class='ocrx_word' id='word_1_178' title='bbox 1315 1988 1557 2034; x_wconf 89' lang='lat' dir='ltr'>Homerica</span> <span class='ocrx_word' id='word_1_179' title='bbox 1599 1995 1694 2035; x_wconf 89' lang='lat' dir='ltr'>toto</span> <span class='ocrx_word' id='word_1_180' title='bbox 1746 1983 1750 1989; x_wconf 74' lang='grc'>’</span> 
     </span>
     <span class='ocr_line' id='line_1_25' title="bbox 348 2062 1752 2129; baseline 0 -18"><span class='ocrx_word' id='word_1_181' title='bbox 348 2065 495 2122; x_wconf 84' lang='lat' dir='ltr'>coelo,</span> <span class='ocrx_word' id='word_1_182' title='bbox 516 2064 653 2126; x_wconf 91' lang='lat' dir='ltr'>longo</span> <span class='ocrx_word' id='word_1_183' title='bbox 683 2062 846 2108; x_wconf 86' lang='lat' dir='ltr'>saltem</span> <span class='ocrx_word' id='word_1_184' title='bbox 876 2062 1141 2108; x_wconf 89' lang='lat' dir='ltr'>seculorum</span> <span class='ocrx_word' id='word_1_185' title='bbox 1164 2062 1404 2109; x_wconf 84' lang='lat' dir='ltr'>intervallo</span> <span class='ocrx_word' id='word_1_186' title='bbox 1434 2063 1593 2111; x_wconf 86' lang='lat' dir='ltr'>distat.</span> <span class='ocrx_word' id='word_1_187' title='bbox 1746 2125 1752 2129; x_wconf 27' lang='grc' dir='ltr'>ι</span> 
     </span>
     <span class='ocr_line' id='line_1_26' title="bbox 414 2138 1689 2200; baseline -0.001 -12"><span class='ocrx_word' id='word_1_188' title='bbox 414 2144 502 2188; x_wconf 87' lang='lat' dir='ltr'>Nec</span> <span class='ocrx_word' id='word_1_189' title='bbox 534 2148 690 2186; x_wconf 70' lang='lat' dir='ltr'>tamea</span> <span class='ocrx_word' id='word_1_190' title='bbox 736 2138 906 2185; x_wconf 84' lang='lat' dir='ltr'>desunt</span> <span class='ocrx_word' id='word_1_191' title='bbox 959 2139 1256 2200; x_wconf 74' lang='lat' dir='ltr'>antiquitatis</span> <span class='ocrx_word' id='word_1_192' title='bbox 1304 2139 1518 2197; x_wconf 87' lang='lat' dir='ltr'>ultimae,</span> <span class='ocrx_word' id='word_1_193' title='bbox 1548 2140 1689 2187; x_wconf 86' lang='lat' dir='ltr'>etiam</span> 
     </span>
     <span class='ocr_line' id='line_1_27' title="bbox 348 2215 1746 2281; baseline 0 -17"><span class='ocrx_word' id='word_1_194' title='bbox 348 2218 577 2276; x_wconf 81' lang='lat' dir='ltr'>heroicae,</span> <span class='ocrx_word' id='word_1_195' title='bbox 606 2217 800 2279; x_wconf 79' lang='lat' dir='ltr'>vestigia</span> <span class='ocrx_word' id='word_1_196' title='bbox 827 2231 835 2261; x_wconf 90' lang='lat'>:</span> <span class='ocrx_word' id='word_1_197' title='bbox 863 2215 936 2261; x_wconf 86' lang='lat' dir='ltr'>hic</span> <span class='ocrx_word' id='word_1_198' title='bbox 954 2231 1141 2278; x_wconf 86' lang='lat' dir='ltr'>quoque</span> <span class='ocrx_word' id='word_1_199' title='bbox 1166 2215 1412 2272; x_wconf 47' lang='lat' dir='ltr'>Homerusss</span> <span class='ocrx_word' id='word_1_200' title='bbox 1437 2222 1547 2281; x_wconf 75' lang='lat' dir='ltr'>Jure</span> <span class='ocrx_word' id='word_1_201' title='bbox 1573 2233 1690 2281; x_wconf 90' lang='lat' dir='ltr'>quo-</span> <span class='ocrx_word' id='word_1_202' title='bbox 1743 2231 1746 2236; x_wconf 91' lang='grc'><strong>’</strong></span> 
     </span>
     <span class='ocr_line' id='line_1_28' title="bbox 349 2291 1689 2358; baseline -0.001 -17"><span class='ocrx_word' id='word_1_203' title='bbox 349 2295 456 2341; x_wconf 71' lang='lat' dir='ltr'>dam</span> <span class='ocrx_word' id='word_1_204' title='bbox 480 2294 689 2357; x_wconf 76' lang='lat' dir='ltr'>proprie,</span> <span class='ocrx_word' id='word_1_205' title='bbox 719 2307 857 2338; x_wconf 90' lang='lat' dir='ltr'>suum</span> <span class='ocrx_word' id='word_1_206' title='bbox 886 2292 1007 2338; x_wconf 87' lang='lat' dir='ltr'>inter</span> <span class='ocrx_word' id='word_1_207' title='bbox 1040 2291 1365 2355; x_wconf 86' lang='lat' dir='ltr'>philosophos,</span> <span class='ocrx_word' id='word_1_208' title='bbox 1396 2294 1514 2340; x_wconf 89' lang='lat' dir='ltr'>inter</span> <span class='ocrx_word' id='word_1_209' title='bbox 1543 2293 1689 2358; x_wconf 76' lang='lat' dir='ltr'>Juris-</span> 
     </span>
    </p>
   </div>
   <div class='ocr_carea' id='block_1_6' title="bbox 346 2435 1758 2763">
    <p class='ocr_par' dir='ltr' id='par_1_6' title="bbox 346 2435 1758 2763">
     <span class='ocr_line' id='line_1_29' title="bbox 346 2435 1758 2546; baseline 0.002 -49"><span class='ocrx_word' id='word_1_210' title='bbox 346 2457 425 2498; x_wconf 89' lang='lat' dir='ltr'>alio</span> <span class='ocrx_word' id='word_1_211' title='bbox 464 2457 612 2497; x_wconf 80' lang='lat' dir='ltr'>dicitur</span> <span class='ocrx_word' id='word_1_212' title='bbox 643 2456 806 2506; x_wconf 82' lang='lat' dir='ltr'>factum,</span> <span class='ocrx_word' id='word_1_213' title='bbox 836 2455 930 2495; x_wconf 86' lang='lat' dir='ltr'>hinc</span> <span class='ocrx_word' id='word_1_214' title='bbox 972 2463 1032 2496; x_wconf 86' lang='lat' dir='ltr'>est</span> <span class='ocrx_word' id='word_1_215' title='bbox 1067 2455 1225 2497; x_wconf 86' lang='lat' dir='ltr'>adulter</span> <span class='ocrx_word' id='word_1_216' title='bbox 1256 2457 1354 2498; x_wconf 88' lang='lat' dir='ltr'>loris</span> <span class='ocrx_word' id='word_1_217' title='bbox 1382 2471 1591 2500; x_wconf 62' lang='lat' dir='ltr'>caesus...</span> <span class='ocrx_word' id='word_1_218' title='bbox 1629 2457 1691 2501; x_wconf 79' lang='lat' dir='ltr'>Cf.</span> <span class='ocrx_word' id='word_1_219' title='bbox 1727 2435 1758 2546; x_wconf 55' lang='grc' dir='ltr'>’ί</span> 
     </span>
     <span class='ocr_line' id='line_1_30' title="bbox 346 2516 1758 2593; baseline 0 -37"><span class='ocrx_word' id='word_1_220' title='bbox 346 2517 464 2568; x_wconf 57' lang='lat' dir='ltr'>Hor„</span> <span class='ocrx_word' id='word_1_221' title='bbox 487 2517 568 2556; x_wconf 73' lang='lat' dir='ltr'>Sat.</span> <span class='ocrx_word' id='word_1_222' title='bbox 592 2516 646 2565; x_wconf 84' lang='lat' dir='ltr'>H,</span> <span class='ocrx_word' id='word_1_223' title='bbox 674 2521 710 2566; x_wconf 81' lang='lat'>2,</span> <span class='ocrx_word' id='word_1_224' title='bbox 739 2520 802 2555; x_wconf 78' lang='lat'>41.</span> <span class='ocrx_word' id='word_1_225' title='bbox 1736 2540 1758 2593; x_wconf 40' lang='grc' dir='ltr'><strong><em>ἢ</em></strong></span> 
     </span>
     <span class='ocr_line' id='line_1_31' title="bbox 406 2575 1702 2623; baseline 0 -8"><span class='ocrx_word' id='word_1_226' title='bbox 406 2582 439 2617; x_wconf 88' lang='grc'>1.</span> <span class='ocrx_word' id='word_1_227' title='bbox 471 2578 566 2615; x_wconf 78' lang='lat' dir='ltr'>Aen.</span> <span class='ocrx_word' id='word_1_228' title='bbox 593 2575 663 2623; x_wconf 83' lang='lat' dir='ltr'>VI,</span> <span class='ocrx_word' id='word_1_229' title='bbox 693 2579 783 2614; x_wconf 81' lang='lat'>622.</span> <span class='ocrx_word' id='word_1_230' title='bbox 1695 2575 1702 2583; x_wconf 89' lang='grc'><em>“</em></span> 
     </span>
     <span class='ocr_line' id='line_1_32' title="bbox 402 2609 1758 2710; baseline 0 -36"><span class='ocrx_word' id='word_1_231' title='bbox 402 2640 439 2674; x_wconf 80' lang='lat'>2.</span> <span class='ocrx_word' id='word_1_232' title='bbox 471 2636 565 2673; x_wconf 78' lang='lat' dir='ltr'>Aen.</span> <span class='ocrx_word' id='word_1_233' title='bbox 598 2633 668 2684; x_wconf 80' lang='lat' dir='ltr'>VI,</span> <span class='ocrx_word' id='word_1_234' title='bbox 693 2637 782 2673; x_wconf 70' lang='lat'><strong>663.</strong></span> <span class='ocrx_word' id='word_1_235' title='bbox 1723 2609 1758 2710; x_wconf 54' lang='grc' dir='ltr'><em>ἱ</em></span> 
     </span>
     <span class='ocr_line' id='line_1_33' title="bbox 403 2691 1745 2763; baseline 0.001 -31"><span class='ocrx_word' id='word_1_236' title='bbox 403 2699 438 2732; x_wconf 89' lang='grc'>3.</span> <span class='ocrx_word' id='word_1_237' title='bbox 472 2691 856 2745; x_wconf 84' lang='lat' dir='ltr'>Theologoumenon</span> <span class='ocrx_word' id='word_1_238' title='bbox 877 2691 1194 2744; x_wconf 87' lang='lat' dir='ltr'>Virgilianorum</span> <span class='ocrx_word' id='word_1_239' title='bbox 1218 2692 1429 2746; x_wconf 83' lang='lat' dir='ltr'>particula.</span> <span class='ocrx_word' id='word_1_240' title='bbox 1736 2718 1745 2763; x_wconf 54' lang='grc' dir='ltr'>,ι</span> 
     </span>
    </p>
   </div>
  </div>
 </body>
</html>
