1758 2903
791 109 972 143 -5-

216 194 313 240 ulla
339 195 396 240 sit
426 193 726 256 philosophia
755 210 871 255 quae
899 194 1089 240 heroica
1118 194 1225 256 jure
1258 194 1350 241 dici
1388 195 1556 256 possit,

214 269 719 333 apparetEustathium
763 270 1065 334 astrologiam
1106 270 1235 317 illam
1271 279 1315 318 et
1349 270 1559 334 philoso-

215 347 375 409 phiam
400 347 444 391 in
471 346 629 392 animo
652 346 875 393 habuisse
911 363 1030 409 quae
1067 346 1190 410 apud
1225 350 1460 395 Romanos
1486 349 1558 394 vi·

214 422 350 485 gebat
388 422 694 484 florebatque.
732 422 992 470 Macrobius
1026 424 1143 486 ipse,
1188 441 1333 486 quum
1359 429 1456 488 jam
1484 440 1560 472 ore

219 498 371 545 alieno
420 515 513 545 non
554 500 760 562 loquitur
800 515 852 545 ac
890 515 1133 561 personam
1173 500 1268 562 agit
1301 501 1555 563 propriam,

215 574 393 621 nullam
422 592 514 621 non
540 575 803 622 doctrinam
829 574 1025 637 Virgilio
1060 575 1286 622 concedit.
1324 595 1345 619 «
1369 575 1561 622 Videtur

216 668 273 698 ne
304 652 438 698 vobis
466 652 739 714 probatum,
771 651 942 713 inquit,
982 651 1082 697 sine
1119 651 1267 697 divini
1294 660 1339 698 et
1363 652 1559 698 humani

208 728 331 790 Juris
356 728 550 774 scientia
575 743 667 774 non
696 742 835 790 posse
861 726 1227 789 profunditatem
1259 728 1459 774 Maronis
1486 729 1559 774 in-

215 803 421 867 telligi1?
449 825 468 847 «
489 804 776 851 Adversatur
795 803 986 866 quidem
1010 804 1117 850 huic
1144 803 1403 851 laudationi
1436 821 1560 851 unus

214 895 238 925 6
261 880 481 927 Macrobii
505 881 737 939 convivis,
761 879 1152 944 Evangelius,qui
1177 896 1328 943 quum
1356 897 1449 927 non
1479 883 1561 927 mi-

214 972 327 1003 nore
353 972 494 1018 quam
521 957 601 1002 alii
619 956 931 1002 admiratione
956 956 1204 1019 Virgilium
1226 964 1556 1019 prosequatur,

214 1041 351 1096 negat
374 1042 524 1079 tamen
550 1041 732 1095 poetam
755 1049 853 1079 esse
874 1048 1117 1096 augurem,
1138 1048 1239 1079 esse
1261 1033 1554 1096 pontificem,

213 1116 257 1156 et
282 1108 521 1156 contendit
544 1125 651 1154 eum
677 1108 927 1172 aliquando
962 1125 1018 1155 ne
1041 1125 1093 1155 ea
1128 1109 1317 1172 quidem
1343 1118 1452 1156 nota
1477 1110 1559 1156 ha-

215 1185 321 1232 here
336 1201 454 1247 quae
476 1185 695 1231 aedituus
711 1185 992 1248 templorum
1009 1185 1168 1247 quivis
1186 1187 1360 1248 optime
1376 1186 1554 1233 calleat.

214 1260 303 1307 Sed
335 1261 561 1307 refellitur
590 1262 762 1307 facetus
796 1261 937 1307 homo
975 1263 1019 1307 vi
1055 1277 1106 1307 ac
1145 1262 1278 1324 copia
1312 1278 1560 1324 argumen-

216 1348 370 1385 torum
396 1354 516 1401 quae
544 1339 708 1385 ceteris
734 1338 948 1384 convivis
974 1338 1028 1383 ad
1062 1338 1246 1386 laudem
1275 1340 1559 1402 Virgilianae

215 1415 453 1462 doctrinae
473 1414 695 1461 tuendam
709 1414 934 1460 memoria
953 1430 1172 1476 praesens
1189 1414 1431 1478 facilisque
1448 1432 1558 1478 sup·

214 1490 409 1555 peditat.
433 1490 551 1537 Illud
568 1499 719 1536 tamen
742 1506 833 1535 non
854 1490 1243 1552 praetereundum
1259 1506 1360 1536 esse
1377 1490 1560 1538 videtur

215 1567 342 1631 quod
386 1567 665 1622 Macrobius,
704 1565 819 1612 dum
863 1569 1095 1613 Romanas
1133 1566 1499 1615 consuetudines
1535 1584 1560 1614 a

212 1646 396 1692 Marone
424 1652 625 1690 servatas
643 1643 791 1690 fuisse
816 1644 1002 1703 evincit,
1022 1644 1352 1691 animadvertit
1373 1661 1560 1708 quoque

216 1728 398 1784 poetam
428 1721 475 1766 in
516 1729 774 1766 ceterorum
809 1719 1092 1783 populorum
1125 1721 1336 1768 moribus
1363 1730 1559 1784 tangen-

215 1798 289 1844 dis
313 1813 406 1842 non
434 1797 590 1842 minus
617 1805 805 1842 cautum
830 1797 973 1842 fuisse
996 1813 1048 1843 ae
1072 1797 1301 1844 fidelem&

280 1875 326 1919 ln
354 1872 677 1919 Saturnalibus
695 1872 915 1919 Macrobii
937 1889 1047 1919 suae
1069 1889 1256 1936 quoque
1278 1883 1429 1936 parles
1455 1877 1561 1920 Ser-

216 1950 288 1995 vio
310 1948 499 1995 cuidam
526 1947 807 1994 mandantur
827 1949 908 2011 qui
936 1954 1109 2012 «juxta
1131 1950 1389 1997 doctrinam
1417 1952 1560 1997 mira-

214 2024 325 2071 bilis
358 2033 402 2071 et
433 2025 653 2071 amabilis
687 2024 959 2072 verecundia
986 2045 1006 2067 »
1036 2026 1184 2073 fertur
1207 2026 1366 2074 fuisse.
1396 2030 1559 2075 Utrum

215 2101 291 2148 hic
314 2101 393 2148 ille
421 2103 478 2148 sit
497 2102 681 2149 Servius
706 2102 889 2164 Virgilii
917 2103 1143 2165 interpres
1168 2107 1302 2166 cujus
1321 2120 1560 2151 commen-

217 2179 341 2236 tarii,
360 2178 564 2241 corrupti
585 2177 778 2241 quidem
797 2194 848 2225 ac
869 2180 1053 2241 saepius
1074 2180 1178 2241 plus
1193 2185 1321 2244 justo
1341 2182 1484 2240 aucti,
1503 2182 1561 2227 ad

220 2271 304 2302 nos
323 2257 637 2318 pervenerint,
659 2271 717 2300 an
743 2254 883 2318 plane
908 2255 1047 2314 alius,
1071 2272 1241 2319 magna
1269 2257 1388 2304 inter
1414 2258 1562 2304 nostri

217 2332 316 2378 aevi
352 2331 650 2377 doctissimos
678 2331 802 2377 viros
835 2331 892 2377 lis
926 2341 1082 2378 exorta
1104 2340 1196 2391 est3
1226 2342 1405 2380 constat
1432 2350 1559 2393 vero,

220 2409 260 2454 si
291 2407 383 2455 duo
414 2408 606 2466 fuerint,
645 2408 771 2454 hunc
809 2416 852 2454 et
889 2408 1021 2455 illum
1057 2411 1103 2456 in
1140 2410 1299 2457 eadem
1335 2411 1564 2458 sententia

279 2596 310 2629 1.
343 2591 507 2630 Satitriz.
537 2590 611 2641 ΠΙ,
637 2595 676 2639 9,
700 2590 760 2630 ed.
788 2590 909 2641 Jahn,
938 2596 1028 2632 237.

277 2655 312 2688 2.
345 2650 461 2698 Ibtd„
494 2649 628 2697 111,6.
